
	<marc:record>
		<marc:leader>01023cim a2200313 c 4500</marc:leader>
		<marc:controlfield tag="001">991321870784702201</marc:controlfield>
		<marc:controlfield tag="005">20160811094443.0</marc:controlfield>
		<marc:controlfield tag="007">sd f||||||||||</marc:controlfield>
		<marc:controlfield tag="008">141203s2013    no#|||| |||||||f#|||nob| </marc:controlfield>
		<marc:datafield tag="015" ind1=" " ind2=" ">
			<marc:subfield code="a">1323112</marc:subfield>
			<marc:subfield code="2">nbf</marc:subfield>
		</marc:datafield>
		<marc:datafield tag="020" ind1=" " ind2=" ">
			<marc:subfield code="a">9788242156600</marc:subfield>
		</marc:datafield>
		<marc:datafield tag="035" ind1=" " ind2=" ">
			<marc:subfield code="a">132187078-47bibsys_network</marc:subfield>
		</marc:datafield>
		<marc:datafield tag="035" ind1=" " ind2=" ">
			<marc:subfield code="a">(NO-TrBIB)132187078</marc:subfield>
		</marc:datafield>
		<marc:datafield tag="040" ind1=" " ind2=" ">
			<marc:subfield code="a">NO-OsNB</marc:subfield>
			<marc:subfield code="b">nob</marc:subfield>
			<marc:subfield code="e">katreg</marc:subfield>
		</marc:datafield>
		<marc:datafield tag="042" ind1=" " ind2=" ">
			<marc:subfield code="a">norbibl</marc:subfield>
		</marc:datafield>
		<marc:datafield tag="044" ind1=" " ind2=" ">
			<marc:subfield code="c">no</marc:subfield>
		</marc:datafield>
		<marc:datafield tag="082" ind1="7" ind2="4">
			<marc:subfield code="a">839.823</marc:subfield>
			<marc:subfield code="q">NO-OsNB</marc:subfield>
			<marc:subfield code="2">5/nor</marc:subfield>
		</marc:datafield>
		<marc:datafield tag="100" ind1="1" ind2=" ">
			<marc:subfield code="a">Nesb�, Jo</marc:subfield>
			<marc:subfield code="d">1960-</marc:subfield>
			<marc:subfield code="0">http://viaf.org/viaf/44460209</marc:subfield>
			<marc:subfield code="4">aut</marc:subfield>
		</marc:datafield>
		<marc:datafield tag="245" ind1="1" ind2="0">
			<marc:subfield code="a">Politi</marc:subfield>
			<marc:subfield code="c">Jo Nesb�</marc:subfield>
			<marc:subfield code="h">[lydopptak]</marc:subfield>
		</marc:datafield>
		<marc:datafield tag="260" ind1=" " ind2=" ">
			<marc:subfield code="a">[Melhus]</marc:subfield>
			<marc:subfield code="b">Lydbokforl.</marc:subfield>
			<marc:subfield code="c">2013</marc:subfield>
		</marc:datafield>
		<marc:datafield tag="300" ind1=" " ind2=" ">
			<marc:subfield code="a">14 CD-er (17 t, 58 min)</marc:subfield>
			<marc:subfield code="c">12 cm, i eske</marc:subfield>
			<marc:subfield code="e">1 CD-MP3</marc:subfield>
		</marc:datafield>
		<marc:datafield tag="500" ind1=" " ind2=" ">
			<marc:subfield code="a">Lest av Helge Winther-Larsen</marc:subfield>
		</marc:datafield>
		<marc:datafield tag="500" ind1=" " ind2=" ">
			<marc:subfield code="a"
				>&quot;Inkl. CD med komplett lydbok i MP3-format&quot; - Esken</marc:subfield>
		</marc:datafield>
		<marc:datafield tag="653" ind1=" " ind2=" ">
			<marc:subfield code="a">norsk</marc:subfield>
			<marc:subfield code="a">litteratur</marc:subfield>
			<marc:subfield code="a">krim</marc:subfield>
			<marc:subfield code="a">harry</marc:subfield>
			<marc:subfield code="a">hole</marc:subfield>
		</marc:datafield>
		<marc:datafield tag="700" ind1="1" ind2=" ">
			<marc:subfield code="a">Winther-Larsen, Helge,</marc:subfield>
			<marc:subfield code="d">1953-</marc:subfield>
			<marc:subfield code="4">nrt</marc:subfield>
			<marc:subfield code="0">http://viaf.org/viaf/229014277</marc:subfield>
		</marc:datafield>
		<marc:datafield tag="901" ind1=" " ind2=" ">
			<marc:subfield code="a">90</marc:subfield>
		</marc:datafield>
		<marc:datafield tag="913" ind1=" " ind2=" ">
			<marc:subfield code="a">Norbok</marc:subfield>
			<marc:subfield code="b">NB</marc:subfield>
		</marc:datafield>
		<marc:datafield tag="852" ind1="0" ind2="1">
			<marc:subfield code="a">47BIBSYS_NB</marc:subfield>
			<marc:subfield code="6">991321870784702202</marc:subfield>
			<marc:subfield code="9">P</marc:subfield>
		</marc:datafield>
		<marc:datafield tag="852" ind1="0" ind2="1">
			<marc:subfield code="a">47BIBSYS_HIO</marc:subfield>
			<marc:subfield code="6">991321870784702218</marc:subfield>
			<marc:subfield code="9">P</marc:subfield>
		</marc:datafield>
	</marc:record>