
	<marc:record>
		<marc:leader>01263cam a22003618i 4500</marc:leader>
		<marc:controlfield tag="001">21801835</marc:controlfield>
		<marc:controlfield tag="003">LIBRIS</marc:controlfield>
		<marc:controlfield tag="005">20181003154742.0</marc:controlfield>
		<marc:controlfield tag="008">171026s2011    xx |||||||||||000 1|eng|d</marc:controlfield>
		<marc:datafield tag="020" ind1=" " ind2=" ">
			<marc:subfield code="a">9780099546757</marc:subfield>
			<marc:subfield code="q">pocket</marc:subfield>
		</marc:datafield>
		<marc:datafield tag="035" ind1=" " ind2=" ">
			<marc:subfield code="a">(BOKR)9780099546757</marc:subfield>
		</marc:datafield>
		<marc:datafield tag="040" ind1=" " ind2=" ">
			<marc:subfield code="a">BOKR</marc:subfield>
			<marc:subfield code="e">i</marc:subfield>
		</marc:datafield>
		<marc:datafield tag="041" ind1=" " ind2=" ">
			<marc:subfield code="a">eng</marc:subfield>
		</marc:datafield>
		<marc:datafield tag="100" ind1="1" ind2=" ">
			<marc:subfield code="a">Nesb�, Jo</marc:subfield>
			<marc:subfield code="d">1960-</marc:subfield>
			<marc:subfield code="0">http://viaf.org/viaf/44460209</marc:subfield>
			<marc:subfield code="4">aut</marc:subfield>
		</marc:datafield>
		<marc:datafield tag="245" ind1="1" ind2="0">
			<marc:subfield code="a">Nemesis</marc:subfield>
		</marc:datafield>
		<marc:datafield tag="245" ind1="1" ind2="0">
			<marc:subfield code="a">Nemesis - harry hole 4</marc:subfield>
		</marc:datafield>
		<marc:datafield tag="263" ind1=" " ind2=" ">
			<marc:subfield code="a">201101</marc:subfield>
		</marc:datafield>
		<marc:datafield tag="264" ind1=" " ind2="1">
			<marc:subfield code="b">Random House UK,</marc:subfield>
			<marc:subfield code="c">2011</marc:subfield>
		</marc:datafield>
		<marc:datafield tag="264" ind1=" " ind2="1">
			<marc:subfield code="b">Vintage,</marc:subfield>
			<marc:subfield code="c">2009</marc:subfield>
		</marc:datafield>
		<marc:datafield tag="300" ind1=" " ind2=" ">
			<marc:subfield code="a">720 sidor</marc:subfield>
			<marc:subfield code="c">19.7 cm</marc:subfield>
		</marc:datafield>
		<marc:datafield tag="336" ind1=" " ind2=" ">
			<marc:subfield code="b">txt</marc:subfield>
			<marc:subfield code="2">rdacontent</marc:subfield>
		</marc:datafield>
		<marc:datafield tag="337" ind1=" " ind2=" ">
			<marc:subfield code="b">n</marc:subfield>
			<marc:subfield code="2">rdamedia</marc:subfield>
		</marc:datafield>
		<marc:datafield tag="338" ind1=" " ind2=" ">
			<marc:subfield code="b">nc</marc:subfield>
			<marc:subfield code="2">rdacarrier</marc:subfield>
		</marc:datafield>
		<marc:datafield tag="340" ind1=" " ind2=" ">
			<marc:subfield code="b">19.7 cm</marc:subfield>
		</marc:datafield>
		<marc:datafield tag="490" ind1="0" ind2=" ">
			<marc:subfield code="a">Harry Hole</marc:subfield>
		</marc:datafield>
		<marc:datafield tag="599" ind1=" " ind2=" ">
			<marc:subfield code="a"
				>Maskinellt genererad post. ?ndra kod fr_ fullstn~dighetsniv �(leader/17), annars kommer manuellt gjorda n~dringar att fr_svinna.</marc:subfield>
		</marc:datafield>
		<marc:datafield tag="655" ind1=" " ind2="4">
			<marc:subfield code="0">https://id.kb.se/marc/FictionNotFurtherSpecified</marc:subfield>
		</marc:datafield>
		<marc:datafield tag="700" ind1="1" ind2=" ">
			<marc:subfield code="a">Bartlett, Don</marc:subfield>
			<marc:subfield code="4">trl</marc:subfield>
			<marc:subfield code="0">http://viaf.org/viaf/78742232</marc:subfield>
		</marc:datafield>
		<marc:datafield tag="841" ind1=" " ind2=" ">
			<marc:subfield code="5">BOKR</marc:subfield>
			<marc:subfield code="a">x  a</marc:subfield>
			<marc:subfield code="b">171026||0000|||||000||||||000000</marc:subfield>
			<marc:subfield code="e">1</marc:subfield>
		</marc:datafield>
		<marc:datafield tag="852" ind1=" " ind2=" ">
			<marc:subfield code="5">BOKR</marc:subfield>
			<marc:subfield code="b">BOKR</marc:subfield>
		</marc:datafield>
		<marc:datafield tag="887" ind1=" " ind2=" ">
			<marc:subfield code="a"
				>{&quot;@id&quot;:&quot;h1t8d92t49tj20j&quot;,&quot;modified&quot;:&quot;2018-10-03T15:47:42.136+02:00&quot;,&quot;checksum&quot;:&quot;35360999324&quot;}</marc:subfield>
			<marc:subfield code="2">librisxl</marc:subfield>
		</marc:datafield>
		<marc:datafield tag="887" ind1=" " ind2=" ">
			<marc:subfield code="5">BOKR</marc:subfield>
			<marc:subfield code="a"
				>{&quot;@id&quot;:&quot;04cphh254v52zbb&quot;,&quot;modified&quot;:&quot;2017-10-26T08:33:40+02:00&quot;,&quot;checksum&quot;:&quot;53012073530&quot;}</marc:subfield>
			<marc:subfield code="2">librisxl</marc:subfield>
		</marc:datafield>
	</marc:record>