
	<marc:record>
		<marc:leader>01402cam a22003618i 4500</marc:leader>
		<marc:controlfield tag="001">21664747</marc:controlfield>
		<marc:controlfield tag="003">LIBRIS</marc:controlfield>
		<marc:controlfield tag="005">20181003115802.0</marc:controlfield>
		<marc:controlfield tag="008">171009s2016    xx |||||||||||000 0|eng|d</marc:controlfield>
		<marc:datafield tag="020" ind1=" " ind2=" ">
			<marc:subfield code="a">9780099593799</marc:subfield>
			<marc:subfield code="q">pocket</marc:subfield>
		</marc:datafield>
		<marc:datafield tag="035" ind1=" " ind2=" ">
			<marc:subfield code="a">(BOKR)9780099593799</marc:subfield>
		</marc:datafield>
		<marc:datafield tag="040" ind1=" " ind2=" ">
			<marc:subfield code="a">BOKR</marc:subfield>
			<marc:subfield code="e">i</marc:subfield>
		</marc:datafield>
		<marc:datafield tag="041" ind1=" " ind2=" ">
			<marc:subfield code="a">eng</marc:subfield>
		</marc:datafield>
		<marc:datafield tag="100" ind1="1" ind2=" ">
			<marc:subfield code="a">Nesb�, Jo</marc:subfield>
			<marc:subfield code="d">1960-</marc:subfield>
			<marc:subfield code="0">http://viaf.org/viaf/44460209</marc:subfield>
			<marc:subfield code="4">aut</marc:subfield>
		</marc:datafield>
		<marc:datafield tag="245" ind1="1" ind2="0">
			<marc:subfield code="a">Midnight sun</marc:subfield>
		</marc:datafield>
		<marc:datafield tag="263" ind1=" " ind2=" ">
			<marc:subfield code="a">201606</marc:subfield>
		</marc:datafield>
		<marc:datafield tag="264" ind1=" " ind2="1">
			<marc:subfield code="b">Vintage Publishing,</marc:subfield>
			<marc:subfield code="c">2016</marc:subfield>
		</marc:datafield>
		<marc:datafield tag="300" ind1=" " ind2=" ">
			<marc:subfield code="a">224 sidor</marc:subfield>
			<marc:subfield code="c">13 cm</marc:subfield>
		</marc:datafield>
		<marc:datafield tag="336" ind1=" " ind2=" ">
			<marc:subfield code="b">txt</marc:subfield>
			<marc:subfield code="2">rdacontent</marc:subfield>
		</marc:datafield>
		<marc:datafield tag="337" ind1=" " ind2=" ">
			<marc:subfield code="b">n</marc:subfield>
			<marc:subfield code="2">rdamedia</marc:subfield>
		</marc:datafield>
		<marc:datafield tag="338" ind1=" " ind2=" ">
			<marc:subfield code="b">nc</marc:subfield>
			<marc:subfield code="2">rdacarrier</marc:subfield>
		</marc:datafield>
		<marc:datafield tag="340" ind1=" " ind2=" ">
			<marc:subfield code="b">13 cm</marc:subfield>
		</marc:datafield>
		<marc:datafield tag="599" ind1=" " ind2=" ">
			<marc:subfield code="a"
				>Maskinellt genererad post. ?ndra kod fr_ fullstn~dighetsniv �(leader/17), annars kommer manuellt gjorda n~dringar att fr_svinna.</marc:subfield>
		</marc:datafield>
		<marc:datafield tag="655" ind1=" " ind2="4">
			<marc:subfield code="0"
				>https://id.kb.se/marc/NotFictionNotFurtherSpecified</marc:subfield>
		</marc:datafield>
		<marc:datafield tag="700" ind1="1" ind2=" ">
			<marc:subfield code="a">Smith, Neil</marc:subfield>
			<marc:subfield code="4">trl</marc:subfield>
			<marc:subfield code="0">http://viaf.org/viaf/265617812</marc:subfield>
		</marc:datafield>
		<marc:datafield tag="841" ind1=" " ind2=" ">
			<marc:subfield code="5">BOKR</marc:subfield>
			<marc:subfield code="a">x  a</marc:subfield>
			<marc:subfield code="b">171009||0000|||||000||||||000000</marc:subfield>
			<marc:subfield code="e">1</marc:subfield>
		</marc:datafield>
		<marc:datafield tag="841" ind1=" " ind2=" ">
			<marc:subfield code="5">Kssb</marc:subfield>
			<marc:subfield code="a">x  a</marc:subfield>
			<marc:subfield code="b">180412||0000|||||000||||||000000</marc:subfield>
			<marc:subfield code="e">|</marc:subfield>
		</marc:datafield>
		<marc:datafield tag="852" ind1=" " ind2=" ">
			<marc:subfield code="5">BOKR</marc:subfield>
			<marc:subfield code="b">BOKR</marc:subfield>
		</marc:datafield>
		<marc:datafield tag="852" ind1=" " ind2=" ">
			<marc:subfield code="5">Kssb</marc:subfield>
			<marc:subfield code="b">Kssb</marc:subfield>
		</marc:datafield>
		<marc:datafield tag="887" ind1=" " ind2=" ">
			<marc:subfield code="a"
				>{&quot;@id&quot;:&quot;wf7nml573dkgg16&quot;,&quot;modified&quot;:&quot;2018-10-03T11:58:02.91+02:00&quot;,&quot;checksum&quot;:&quot;42778362403&quot;}</marc:subfield>
			<marc:subfield code="2">librisxl</marc:subfield>
		</marc:datafield>
		<marc:datafield tag="887" ind1=" " ind2=" ">
			<marc:subfield code="5">BOKR</marc:subfield>
			<marc:subfield code="a"
				>{&quot;@id&quot;:&quot;6bkwdt3c28z7cj0&quot;,&quot;modified&quot;:&quot;2017-10-09T09:37:02+02:00&quot;,&quot;checksum&quot;:&quot;38697425182&quot;}</marc:subfield>
			<marc:subfield code="2">librisxl</marc:subfield>
		</marc:datafield>
		<marc:datafield tag="887" ind1=" " ind2=" ">
			<marc:subfield code="5">Kssb</marc:subfield>
			<marc:subfield code="a"
				>{&quot;@id&quot;:&quot;w18q3sc2429q46t&quot;,&quot;modified&quot;:&quot;2018-04-12T11:50:32+02:00&quot;,&quot;checksum&quot;:&quot;48081192557&quot;}</marc:subfield>
			<marc:subfield code="2">librisxl</marc:subfield>
		</marc:datafield>
	</marc:record>