
	<marc:record>
		<marc:leader>01203cam a22003857a 4500</marc:leader>
		<marc:controlfield tag="001">21527952</marc:controlfield>
		<marc:controlfield tag="003">LIBRIS</marc:controlfield>
		<marc:controlfield tag="005">20170913114634.0</marc:controlfield>
		<marc:controlfield tag="008">170913s2016    ja            000 0 jpn c</marc:controlfield>
		<marc:datafield tag="020" ind1=" " ind2=" ">
			<marc:subfield code="a">978-4-08-760724-6</marc:subfield>
		</marc:datafield>
		<marc:datafield tag="020" ind1=" " ind2=" ">
			<marc:subfield code="a">4-08-760724-0</marc:subfield>
		</marc:datafield>
		<marc:datafield tag="035" ind1=" " ind2=" ">
			<marc:subfield code="a">(OCoLC)ocn957457613</marc:subfield>
		</marc:datafield>
		<marc:datafield tag="040" ind1=" " ind2=" ">
			<marc:subfield code="a">TRCLS</marc:subfield>
			<marc:subfield code="b">eng</marc:subfield>
			<marc:subfield code="c">TRCLS</marc:subfield>
			<marc:subfield code="d">OCLCO</marc:subfield>
			<marc:subfield code="d">Ilc</marc:subfield>
		</marc:datafield>
		<marc:datafield tag="041" ind1="1" ind2=" ">
			<marc:subfield code="a">jpn</marc:subfield>
			<marc:subfield code="h">nor</marc:subfield>
		</marc:datafield>
		<marc:datafield tag="082" ind1="0" ind2="4">
			<marc:subfield code="a">895.6</marc:subfield>
			<marc:subfield code="2">22 (machine generated)</marc:subfield>
		</marc:datafield>
		<marc:datafield tag="084" ind1=" " ind2=" ">
			<marc:subfield code="a">949.63</marc:subfield>
			<marc:subfield code="2">njb/9</marc:subfield>
		</marc:datafield>
		<marc:datafield tag="084" ind1=" " ind2=" ">
			<marc:subfield code="a">Hxjedb.01</marc:subfield>
			<marc:subfield code="2">kssb/8</marc:subfield>
		</marc:datafield>
		<marc:datafield tag="100" ind1="1" ind2=" ">
			<marc:subfield code="a">Nesb�, Jo</marc:subfield>
			<marc:subfield code="d">1960-</marc:subfield>
			<marc:subfield code="0">http://viaf.org/viaf/44460209</marc:subfield>
			<marc:subfield code="4">aut</marc:subfield>
		</marc:datafield>
		<marc:datafield tag="240" ind1="1" ind2="0">
			<marc:subfield code="a">Sn?nen</marc:subfield>
			<marc:subfield code="l">Japanska</marc:subfield>
		</marc:datafield>
		<marc:datafield tag="245" ind1="1" ind2="0">
			<marc:subfield code="6">880-02</marc:subfield>
			<marc:subfield code="a">Za san :</marc:subfield>
			<marc:subfield code="b">tsumi no musuko</marc:subfield>
			<marc:subfield code="n">1 /</marc:subfield>
			<marc:subfield code="c">Nesbo Jo;Toda Hiroyuki.</marc:subfield>
		</marc:datafield>
		<marc:datafield tag="260" ind1=" " ind2=" ">
			<marc:subfield code="6">880-03</marc:subfield>
			<marc:subfield code="a">Tokyo :</marc:subfield>
			<marc:subfield code="b">Shueisha,</marc:subfield>
			<marc:subfield code="c">2016.</marc:subfield>
		</marc:datafield>
		<marc:datafield tag="300" ind1=" " ind2=" ">
			<marc:subfield code="a">347 p. ;</marc:subfield>
			<marc:subfield code="c">16 cm.</marc:subfield>
		</marc:datafield>
		<marc:datafield tag="490" ind1="1" ind2=" ">
			<marc:subfield code="6">880-04</marc:subfield>
			<marc:subfield code="a">Shueisha bunko ;</marc:subfield>
			<marc:subfield code="v">Ne-1-6</marc:subfield>
		</marc:datafield>
		<marc:datafield tag="599" ind1=" " ind2=" ">
			<marc:subfield code="a"
				>Imported from: zcat.oclc.org:210/OLUCWorldCat (Do not remove)</marc:subfield>
		</marc:datafield>
		<marc:datafield tag="700" ind1="1" ind2=" ">
			<marc:subfield code="a">Toda, Hiroyuki.</marc:subfield>
			<marc:subfield code="0">http://viaf.org/viaf/257185323</marc:subfield>
			<marc:subfield code="4">trl</marc:subfield>
		</marc:datafield>
		<marc:datafield tag="830" ind1=" " ind2="0">
			<marc:subfield code="6">880-06</marc:subfield>
			<marc:subfield code="a">Shueisha bunko ;</marc:subfield>
			<marc:subfield code="v">Ne-1-6.</marc:subfield>
		</marc:datafield>
		<marc:datafield tag="841" ind1=" " ind2=" ">
			<marc:subfield code="5">Ilc</marc:subfield>
			<marc:subfield code="a">x  a</marc:subfield>
			<marc:subfield code="b">1709134u    8   1001uu   0901128</marc:subfield>
			<marc:subfield code="e">4</marc:subfield>
		</marc:datafield>
		<marc:datafield tag="852" ind1=" " ind2=" ">
			<marc:subfield code="5">Ilc</marc:subfield>
			<marc:subfield code="b">Ilc</marc:subfield>
			<marc:subfield code="h">Hxj</marc:subfield>
		</marc:datafield>
		<marc:datafield tag="880" ind1="1" ind2=" ">
			<marc:subfield code="6">100-01</marc:subfield>
			<marc:subfield code="a">.</marc:subfield>
		</marc:datafield>
		<marc:datafield tag="880" ind1="1" ind2="0">
			<marc:subfield code="6">245-02</marc:subfield>
			<marc:subfield code="a"> :</marc:subfield>
			<marc:subfield code="b">  /</marc:subfield>
			<marc:subfield code="c">;.</marc:subfield>
		</marc:datafield>
		<marc:datafield tag="880" ind1=" " ind2=" ">
			<marc:subfield code="6">260-03</marc:subfield>
			<marc:subfield code="a"> :</marc:subfield>
			<marc:subfield code="b">,</marc:subfield>
			<marc:subfield code="c">2016.</marc:subfield>
		</marc:datafield>
		<marc:datafield tag="880" ind1="1" ind2=" ">
			<marc:subfield code="6">490-04</marc:subfield>
			<marc:subfield code="a"> ;</marc:subfield>
			<marc:subfield code="v">1-6</marc:subfield>
		</marc:datafield>
		<marc:datafield tag="880" ind1="1" ind2=" ">
			<marc:subfield code="6">700-05</marc:subfield>
			<marc:subfield code="a">.</marc:subfield>
		</marc:datafield>
		<marc:datafield tag="880" ind1=" " ind2="0">
			<marc:subfield code="6">830-06</marc:subfield>
			<marc:subfield code="a"> ;</marc:subfield>
			<marc:subfield code="v">1-6</marc:subfield>
		</marc:datafield>
		<marc:datafield tag="900" ind1="1" ind2="s">
			<marc:subfield code="a">Jo, Nesbo</marc:subfield>
			<marc:subfield code="u">Nesbo Jo</marc:subfield>
		</marc:datafield>
	</marc:record>