
	<marc:record>
		<marc:leader>01308cam a22003857a 4500</marc:leader>
		<marc:controlfield tag="001">18734712</marc:controlfield>
		<marc:controlfield tag="003">LIBRIS</marc:controlfield>
		<marc:controlfield tag="005">20151130175800.0</marc:controlfield>
		<marc:controlfield tag="008">151130s2014    gr ||||      |00| f|gre c</marc:controlfield>
		<marc:datafield tag="020" ind1=" " ind2=" ">
			<marc:subfield code="a">978-960-566-368-1</marc:subfield>
		</marc:datafield>
		<marc:datafield tag="040" ind1=" " ind2=" ">
			<marc:subfield code="a">Ilc</marc:subfield>
		</marc:datafield>
		<marc:datafield tag="041" ind1="1" ind2=" ">
			<marc:subfield code="a">gre</marc:subfield>
			<marc:subfield code="h">nor</marc:subfield>
		</marc:datafield>
		<marc:datafield tag="082" ind1="0" ind2="4">
			<marc:subfield code="a">889</marc:subfield>
			<marc:subfield code="2">22 (machine generated)</marc:subfield>
		</marc:datafield>
		<marc:datafield tag="084" ind1=" " ind2=" ">
			<marc:subfield code="a">Hobedb.01</marc:subfield>
			<marc:subfield code="2">kssb/8</marc:subfield>
		</marc:datafield>
		<marc:datafield tag="100" ind1="1" ind2=" ">
			<marc:subfield code="a">Nesb�, Jo</marc:subfield>
			<marc:subfield code="d">1960-</marc:subfield>
			<marc:subfield code="0">http://viaf.org/viaf/44460209</marc:subfield>
			<marc:subfield code="4">aut</marc:subfield>
		</marc:datafield>
		<marc:datafield tag="240" ind1="1" ind2="0">
			<marc:subfield code="a">Flaggermusmannen.</marc:subfield>
			<marc:subfield code="l">Nygrekiska</marc:subfield>
		</marc:datafield>
		<marc:datafield tag="245" ind1="1" ind2="2">
			<marc:subfield code="6">880-02</marc:subfield>
			<marc:subfield code="a">I nichteridha /</marc:subfield>
			<marc:subfield code="c">Jo Nesbo ; metafrasi E. Papagrighorakis</marc:subfield>
		</marc:datafield>
		<marc:datafield tag="250" ind1=" " ind2=" ">
			<marc:subfield code="a">1. ekdh.</marc:subfield>
		</marc:datafield>
		<marc:datafield tag="260" ind1=" " ind2=" ">
			<marc:subfield code="a">Athina :</marc:subfield>
			<marc:subfield code="b">Metechmio,</marc:subfield>
			<marc:subfield code="c">2014</marc:subfield>
		</marc:datafield>
		<marc:datafield tag="300" ind1=" " ind2=" ">
			<marc:subfield code="a">435 s.</marc:subfield>
		</marc:datafield>
		<marc:datafield tag="655" ind1=" " ind2="7">
			<marc:subfield code="a">Thrillers</marc:subfield>
			<marc:subfield code="2">saogf</marc:subfield>
			<marc:subfield code="0">326237</marc:subfield>
			<marc:subfield code="0">365901</marc:subfield>
		</marc:datafield>
		<marc:datafield tag="700" ind1="1" ind2=" ">
			<marc:subfield code="a">Papagrighorakis, E.</marc:subfield>
			<marc:subfield code="0">http://viaf.org/viaf/detteerPapagrighorakis</marc:subfield>
			<marc:subfield code="4">trl</marc:subfield>
		</marc:datafield>
		<marc:datafield tag="841" ind1=" " ind2=" ">
			<marc:subfield code="5">Ilc</marc:subfield>
			<marc:subfield code="a">x  a</marc:subfield>
			<marc:subfield code="b">1511304u    8   1001uu   0901128</marc:subfield>
			<marc:subfield code="e">4</marc:subfield>
		</marc:datafield>
		<marc:datafield tag="852" ind1=" " ind2=" ">
			<marc:subfield code="5">Ilc</marc:subfield>
			<marc:subfield code="b">Ilc</marc:subfield>
			<marc:subfield code="h">Hob</marc:subfield>
		</marc:datafield>
		<marc:datafield tag="880" ind1="1" ind2=" ">
			<marc:subfield code="6">100-01/(S</marc:subfield>
			<marc:subfield code="a">Nesbo, Jo,</marc:subfield>
			<marc:subfield code="d">1960-</marc:subfield>
		</marc:datafield>
		<marc:datafield tag="880" ind1="1" ind2="2">
			<marc:subfield code="6">245-02/(S</marc:subfield>
			<marc:subfield code="a">  /</marc:subfield>
			<marc:subfield code="c">Jo Nesbo ;  E. </marc:subfield>
		</marc:datafield>
		<marc:datafield tag="900" ind1="1" ind2="s">
			<marc:subfield code="a">Nesbe, Ju.,</marc:subfield>
			<marc:subfield code="d">1960-</marc:subfield>
			<marc:subfield code="u">Nesb,? Jo,</marc:subfield>
			<marc:subfield code="d">1960-</marc:subfield>
		</marc:datafield>
		<marc:datafield tag="900" ind1="1" ind2="s">
			<marc:subfield code="a">Nesbe, Jo,</marc:subfield>
			<marc:subfield code="d">1960-</marc:subfield>
			<marc:subfield code="u">Nesb,? Jo,</marc:subfield>
			<marc:subfield code="d">1960-</marc:subfield>
		</marc:datafield>
		<marc:datafield tag="955" ind1=" " ind2="s">
			<marc:subfield code="6">655</marc:subfield>
			<marc:subfield code="a">Agentbert~telser</marc:subfield>
			<marc:subfield code="u">Thrillers</marc:subfield>
		</marc:datafield>
		<marc:datafield tag="955" ind1=" " ind2="s">
			<marc:subfield code="6">655</marc:subfield>
			<marc:subfield code="a">Agentromaner</marc:subfield>
			<marc:subfield code="u">Thrillers</marc:subfield>
		</marc:datafield>
		<marc:datafield tag="955" ind1=" " ind2="s">
			<marc:subfield code="6">655</marc:subfield>
			<marc:subfield code="w">||e</marc:subfield>
			<marc:subfield code="a">Psykologiska thrillers</marc:subfield>
			<marc:subfield code="u">Thrillers</marc:subfield>
		</marc:datafield>
		<marc:datafield tag="955" ind1=" " ind2="s">
			<marc:subfield code="6">655</marc:subfield>
			<marc:subfield code="a">Spionbert~telser</marc:subfield>
			<marc:subfield code="u">Thrillers</marc:subfield>
		</marc:datafield>
		<marc:datafield tag="955" ind1=" " ind2="s">
			<marc:subfield code="6">655</marc:subfield>
			<marc:subfield code="w">||e</marc:subfield>
			<marc:subfield code="a">Spionromaner</marc:subfield>
			<marc:subfield code="u">Thrillers</marc:subfield>
		</marc:datafield>
		<marc:datafield tag="955" ind1=" " ind2="s">
			<marc:subfield code="6">655</marc:subfield>
			<marc:subfield code="a">Spn~ningsromaner</marc:subfield>
			<marc:subfield code="u">Thrillers</marc:subfield>
		</marc:datafield>
		<marc:datafield tag="955" ind1=" " ind2="k">
			<marc:subfield code="6">655</marc:subfield>
			<marc:subfield code="w">g</marc:subfield>
			<marc:subfield code="a">Skn_litteratur</marc:subfield>
			<marc:subfield code="u">Thrillers</marc:subfield>
		</marc:datafield>
	</marc:record>