
	<marc:record>
		<marc:leader>01459cam a22003615i 4500</marc:leader>
		<marc:controlfield tag="001">9699568</marc:controlfield>
		<marc:controlfield tag="005">20171023230625.0</marc:controlfield>
		<marc:controlfield tag="006">m    ||  d |      </marc:controlfield>
		<marc:controlfield tag="007">cr |||||||||||</marc:controlfield>
		<marc:controlfield tag="008">170907s2017    xxk||||gs    |||| ||eng  </marc:controlfield>
		<marc:datafield tag="020" ind1=" " ind2=" ">
			<marc:subfield code="a">9781473549029</marc:subfield>
			<marc:subfield code="q">(EPUB)</marc:subfield>
		</marc:datafield>
		<marc:datafield tag="020" ind1=" " ind2=" ">
			<marc:subfield code="a">1473549027</marc:subfield>
			<marc:subfield code="q">(EPUB)</marc:subfield>
		</marc:datafield>
		<marc:datafield tag="035" ind1=" " ind2=" ">
			<marc:subfield code="a">(Uk)018505445</marc:subfield>
		</marc:datafield>
		<marc:datafield tag="035" ind1=" " ind2=" ">
			<marc:subfield code="a">oai:ldls.org.uk:018505445</marc:subfield>
		</marc:datafield>
		<marc:datafield tag="037" ind1=" " ind2=" ">
			<marc:subfield code="a">TheRandomHouseGroup246966</marc:subfield>
			<marc:subfield code="b">Ingram Content Group</marc:subfield>
		</marc:datafield>
		<marc:datafield tag="040" ind1=" " ind2=" ">
			<marc:subfield code="a">Uk</marc:subfield>
			<marc:subfield code="b">eng</marc:subfield>
			<marc:subfield code="c">Uk</marc:subfield>
			<marc:subfield code="e">rda</marc:subfield>
		</marc:datafield>
		<marc:datafield tag="100" ind1="1" ind2=" ">
			<marc:subfield code="a">Nesb�, Jo</marc:subfield>
			<marc:subfield code="d">1960-</marc:subfield>
			<marc:subfield code="0">http://viaf.org/viaf/44460209</marc:subfield>
			<marc:subfield code="4">aut</marc:subfield>
		</marc:datafield>
		<marc:datafield tag="245" ind1="1" ind2="0">
			<marc:subfield code="a">New Harry Hole Thriller :</marc:subfield>
			<marc:subfield code="b">The Thirst Free Ebook Sampler /</marc:subfield>
			<marc:subfield code="c">Jo Nesbo.</marc:subfield>
		</marc:datafield>
		<marc:datafield tag="264" ind1=" " ind2="1">
			<marc:subfield code="a">London :</marc:subfield>
			<marc:subfield code="b">Vintage Digital,</marc:subfield>
			<marc:subfield code="c">2017.</marc:subfield>
		</marc:datafield>
		<marc:datafield tag="300" ind1=" " ind2=" ">
			<marc:subfield code="a">1 online resource (528 pages).</marc:subfield>
		</marc:datafield>
		<marc:datafield tag="336" ind1=" " ind2=" ">
			<marc:subfield code="a">text</marc:subfield>
			<marc:subfield code="2">rdacontent</marc:subfield>
		</marc:datafield>
		<marc:datafield tag="337" ind1=" " ind2=" ">
			<marc:subfield code="a">computer</marc:subfield>
			<marc:subfield code="2">rdamedia</marc:subfield>
		</marc:datafield>
		<marc:datafield tag="338" ind1=" " ind2=" ">
			<marc:subfield code="a">online resource</marc:subfield>
			<marc:subfield code="2">rdacarrier</marc:subfield>
		</marc:datafield>
		<marc:datafield tag="490" ind1="1" ind2=" ">
			<marc:subfield code="a">Harry Hole</marc:subfield>
		</marc:datafield>
		<marc:datafield tag="506" ind1=" " ind2=" ">
			<marc:subfield code="a"
				>Owing to Legal Deposit regulations this resource may only be accessed from within National Library of Scotland on library computers. For more information contact enquiries@nls.uk</marc:subfield>
			<marc:subfield code="5">StEdNL</marc:subfield>
		</marc:datafield>
		<marc:datafield tag="519" ind1=" " ind2=" ">
			<marc:subfield code="a">ELDEBOOK</marc:subfield>
		</marc:datafield>
		<marc:datafield tag="650" ind1=" " ind2="7">
			<marc:subfield code="a"
				>FICTION / Mystery &amp; Detective / International Mystery &amp; Crime</marc:subfield>
			<marc:subfield code="2">bisacsh</marc:subfield>
		</marc:datafield>
		<marc:datafield tag="650" ind1=" " ind2="7">
			<marc:subfield code="a"
				>FICTION / Mystery &amp; Detective / Police Procedural</marc:subfield>
			<marc:subfield code="2">bisacsh</marc:subfield>
		</marc:datafield>
		<marc:datafield tag="650" ind1=" " ind2="7">
			<marc:subfield code="a">FICTION / Thrillers / Crime</marc:subfield>
			<marc:subfield code="2">bisacsh</marc:subfield>
		</marc:datafield>
		<marc:datafield tag="650" ind1=" " ind2="7">
			<marc:subfield code="a">Crime &amp; mystery</marc:subfield>
			<marc:subfield code="2">bicssc</marc:subfield>
		</marc:datafield>
		<marc:datafield tag="650" ind1=" " ind2="7">
			<marc:subfield code="a">Fiction in translation</marc:subfield>
			<marc:subfield code="2">bicssc</marc:subfield>
		</marc:datafield>
		<marc:datafield tag="852" ind1="8" ind2=" ">
			<marc:subfield code="b">NETELD</marc:subfield>
			<marc:subfield code="h">Networked resources</marc:subfield>
		</marc:datafield>
		<marc:datafield tag="856" ind1="4" ind2="0">
			<marc:subfield code="u"
				>https://nls.ldls.org.uk/welcome.html?ark:/81055/vdc_100048449235.0x000001</marc:subfield>
			<marc:subfield code="z">View item</marc:subfield>
		</marc:datafield>
	</marc:record>