
	<marc:record>
		<marc:leader>02774cam a22006497i 4500</marc:leader>
		<marc:controlfield tag="001">08m6d8hbxm67tm0s</marc:controlfield>
		<marc:controlfield tag="003">LIBRIS</marc:controlfield>
		<marc:controlfield tag="005">20190102084345.0</marc:controlfield>
		<marc:controlfield tag="008">190102s2018    ch ab|||||||||000 1|chi|c</marc:controlfield>
		<marc:datafield tag="020" ind1=" " ind2=" ">
			<marc:subfield code="a">9789869601818</marc:subfield>
		</marc:datafield>
		<marc:datafield tag="020" ind1=" " ind2=" ">
			<marc:subfield code="a">9869601812</marc:subfield>
		</marc:datafield>
		<marc:datafield tag="040" ind1=" " ind2=" ">
			<marc:subfield code="a">S</marc:subfield>
			<marc:subfield code="b">eng</marc:subfield>
			<marc:subfield code="c">SINLB</marc:subfield>
			<marc:subfield code="e">i</marc:subfield>
			<marc:subfield code="e">rda</marc:subfield>
			<marc:subfield code="e">local/SINLB</marc:subfield>
		</marc:datafield>
		<marc:datafield tag="041" ind1="1" ind2=" ">
			<marc:subfield code="a">chi</marc:subfield>
			<marc:subfield code="h">swe</marc:subfield>
		</marc:datafield>
		<marc:datafield tag="042" ind1=" " ind2=" ">
			<marc:subfield code="9">SUEC</marc:subfield>
		</marc:datafield>
		<marc:datafield tag="100" ind1="1" ind2=" ">
			<marc:subfield code="a">Larsson, Stieg</marc:subfield>
			<marc:subfield code="d">1954-2004</marc:subfield>
			<marc:subfield code="0">http://viaf.org/viaf/54441441</marc:subfield>
			<marc:subfield code="4">aut</marc:subfield>
		</marc:datafield>
		<marc:datafield tag="240" ind1="1" ind2="0">
			<marc:subfield code="a">Flickan som lekte med elden.</marc:subfield>
			<marc:subfield code="l">Kinesiska</marc:subfield>
		</marc:datafield>
		<marc:datafield tag="245" ind1="1" ind2="0">
			<marc:subfield code="6">880-02</marc:subfield>
			<marc:subfield code="a">Wan huo de n&amp;#xfc;hai /</marc:subfield>
			<marc:subfield code="c">Shidige Lasen zhu ; Yan Xiangru yi.</marc:subfield>
		</marc:datafield>
		<marc:datafield tag="250" ind1=" " ind2=" ">
			<marc:subfield code="a">Er ban.</marc:subfield>
			<marc:subfield code="6">880-03</marc:subfield>
		</marc:datafield>
		<marc:datafield tag="264" ind1=" " ind2="1">
			<marc:subfield code="6">880-04 ;</marc:subfield>
			<marc:subfield code="a">Taibei Shi :</marc:subfield>
			<marc:subfield code="b">Ji mo chu ban gu fen you xian gong si,</marc:subfield>
			<marc:subfield code="c">2018</marc:subfield>
		</marc:datafield>
		<marc:datafield tag="300" ind1=" " ind2=" ">
			<marc:subfield code="a">554 pages</marc:subfield>
			<marc:subfield code="b">illustrations, maps</marc:subfield>
			<marc:subfield code="c">21 cm.</marc:subfield>
		</marc:datafield>
		<marc:datafield tag="336" ind1=" " ind2=" ">
			<marc:subfield code="a">text</marc:subfield>
			<marc:subfield code="b">txt</marc:subfield>
			<marc:subfield code="2">rdacontent</marc:subfield>
		</marc:datafield>
		<marc:datafield tag="337" ind1=" " ind2=" ">
			<marc:subfield code="a">unmediated</marc:subfield>
			<marc:subfield code="b">n</marc:subfield>
			<marc:subfield code="2">rdamedia</marc:subfield>
		</marc:datafield>
		<marc:datafield tag="338" ind1=" " ind2=" ">
			<marc:subfield code="a">volume</marc:subfield>
			<marc:subfield code="b">nc</marc:subfield>
			<marc:subfield code="2">rdacarrier</marc:subfield>
		</marc:datafield>
		<marc:datafield tag="340" ind1=" " ind2=" ">
			<marc:subfield code="b">21 cm.</marc:subfield>
		</marc:datafield>
		<marc:datafield tag="490" ind1="1" ind2=" ">
			<marc:subfield code="a">Cool ;</marc:subfield>
			<marc:subfield code="v">030</marc:subfield>
			<marc:subfield code="v">030.</marc:subfield>
		</marc:datafield>
		<marc:datafield tag="490" ind1="1" ind2=" ">
			<marc:subfield code="6">880-05</marc:subfield>
			<marc:subfield code="a">Qian xi xi lie =</marc:subfield>
			<marc:subfield code="a">Millennium</marc:subfield>
		</marc:datafield>
		<marc:datafield tag="599" ind1=" " ind2=" ">
			<marc:subfield code="a"
				>Imported from: zcat.oclc.org:210/OLUCWorldCat (Do not remove)</marc:subfield>
		</marc:datafield>
		<marc:datafield tag="599" ind1=" " ind2=" ">
			<marc:subfield code="a">S: Fr_vr~vas ej av KB (annan utgv�a finns)</marc:subfield>
		</marc:datafield>
		<marc:datafield tag="655" ind1=" " ind2="4">
			<marc:subfield code="0">https://id.kb.se/marc/FictionNotFurtherSpecified</marc:subfield>
		</marc:datafield>
		<marc:datafield tag="700" ind1="1" ind2=" ">
			<marc:subfield code="a">Yan, Xiangru</marc:subfield>
			<marc:subfield code="d">1966-</marc:subfield>
			<marc:subfield code="0">http://viaf.org/viaf/160765336</marc:subfield>
			<marc:subfield code="4">trl</marc:subfield>
		</marc:datafield>
		<marc:datafield tag="830" ind1=" " ind2="0">
			<marc:subfield code="a">Cool ;</marc:subfield>
			<marc:subfield code="v">030</marc:subfield>
			<marc:subfield code="v">030.</marc:subfield>
		</marc:datafield>
		<marc:datafield tag="830" ind1=" " ind2="0">
			<marc:subfield code="6">880-07</marc:subfield>
			<marc:subfield code="a">Qian xi xi lie</marc:subfield>
		</marc:datafield>
		<marc:datafield tag="880" ind1="1" ind2=" ">
			<marc:subfield code="6">100-01</marc:subfield>
			<marc:subfield code="a">, ,</marc:subfield>
			<marc:subfield code="d">1954-2004,</marc:subfield>
			<marc:subfield code="e">author.</marc:subfield>
		</marc:datafield>
		<marc:datafield tag="880" ind1="1" ind2="0">
			<marc:subfield code="6">245-02</marc:subfield>
			<marc:subfield code="a"> /</marc:subfield>
			<marc:subfield code="c">" ; .</marc:subfield>
		</marc:datafield>
		<marc:datafield tag="880" ind1=" " ind2=" ">
			<marc:subfield code="6">250-03</marc:subfield>
			<marc:subfield code="a">.</marc:subfield>
		</marc:datafield>
		<marc:datafield tag="880" ind1=" " ind2="1">
			<marc:subfield code="6">264-04</marc:subfield>
			<marc:subfield code="a"> :</marc:subfield>
			<marc:subfield code="b">,</marc:subfield>
			<marc:subfield code="c">2018.</marc:subfield>
		</marc:datafield>
		<marc:datafield tag="880" ind1="1" ind2=" ">
			<marc:subfield code="6">490-05</marc:subfield>
			<marc:subfield code="a"> =</marc:subfield>
			<marc:subfield code="a">Millennium</marc:subfield>
		</marc:datafield>
		<marc:datafield tag="880" ind1=" " ind2=" ">
			<marc:subfield code="6">500-00</marc:subfield>
			<marc:subfield code="a">&quot;10&quot;--Colophon.</marc:subfield>
		</marc:datafield>
		<marc:datafield tag="880" ind1="1" ind2=" ">
			<marc:subfield code="6">700-06</marc:subfield>
			<marc:subfield code="a">,</marc:subfield>
			<marc:subfield code="d">1966-</marc:subfield>
			<marc:subfield code="e">translator.</marc:subfield>
		</marc:datafield>
		<marc:datafield tag="880" ind1=" " ind2="0">
			<marc:subfield code="6">830-07</marc:subfield>
			<marc:subfield code="a">.</marc:subfield>
		</marc:datafield>
		<marc:datafield tag="887" ind1=" " ind2=" ">
			<marc:subfield code="a"
				>{&quot;@id&quot;:&quot;08m6d8hbxm67tm0s&quot;,&quot;modified&quot;:&quot;2019-01-02T08:43:45.74+01:00&quot;,&quot;checksum&quot;:&quot;123022273968&quot;}</marc:subfield>
			<marc:subfield code="2">librisxl</marc:subfield>
		</marc:datafield>
		<marc:datafield tag="900" ind1="0" ind2="s">
			<marc:subfield code="a"> ,</marc:subfield>
			<marc:subfield code="d">1954+2004</marc:subfield>
			<marc:subfield code="u">Larsson, Stieg,</marc:subfield>
			<marc:subfield code="d">1954-2004</marc:subfield>
		</marc:datafield>
		<marc:datafield tag="900" ind1="1" ind2="s">
			<marc:subfield code="a">Larsson, Stig-Erland,</marc:subfield>
			<marc:subfield code="d">1954-2004</marc:subfield>
			<marc:subfield code="u">Larsson, Stieg,</marc:subfield>
			<marc:subfield code="d">1954-2004</marc:subfield>
		</marc:datafield>
		<marc:datafield tag="900" ind1="1" ind2="s">
			<marc:subfield code="a">Larsson, Stig,</marc:subfield>
			<marc:subfield code="c">1954-2004</marc:subfield>
			<marc:subfield code="u">Larsson, Stieg,</marc:subfield>
			<marc:subfield code="d">1954-2004</marc:subfield>
		</marc:datafield>
		<marc:datafield tag="900" ind1="1" ind2="s">
			<marc:subfield code="a">Lasen, Sidige,</marc:subfield>
			<marc:subfield code="c">1954-2004</marc:subfield>
			<marc:subfield code="u">Larsson, Stieg,</marc:subfield>
			<marc:subfield code="d">1954-2004</marc:subfield>
		</marc:datafield>
		<marc:datafield tag="900" ind1="1" ind2="s">
			<marc:subfield code="a">Lasen, Shidige,</marc:subfield>
			<marc:subfield code="c">1954-2004</marc:subfield>
			<marc:subfield code="u">Larsson, Stieg,</marc:subfield>
			<marc:subfield code="d">1954-2004</marc:subfield>
		</marc:datafield>
		<marc:datafield tag="900" ind1="1" ind2="s">
			<marc:subfield code="a">Larson, Stig,</marc:subfield>
			<marc:subfield code="d">1954-2004</marc:subfield>
			<marc:subfield code="u">Larsson, Stieg,</marc:subfield>
			<marc:subfield code="d">1954-2004</marc:subfield>
		</marc:datafield>
		<marc:datafield tag="900" ind1="1" ind2="s">
			<marc:subfield code="a">Larsun, Stigh,</marc:subfield>
			<marc:subfield code="d">1954-2004</marc:subfield>
			<marc:subfield code="u">Larsson, Stieg,</marc:subfield>
			<marc:subfield code="d">1954-2004</marc:subfield>
		</marc:datafield>
		<marc:datafield tag="900" ind1="1" ind2="s">
			<marc:subfield code="a">Larson, Sting,</marc:subfield>
			<marc:subfield code="d">1954-2004</marc:subfield>
			<marc:subfield code="u">Larsson, Stieg,</marc:subfield>
			<marc:subfield code="d">1954-2004</marc:subfield>
		</marc:datafield>
		<marc:datafield tag="900" ind1="1" ind2="s">
			<marc:subfield code="a">, ,</marc:subfield>
			<marc:subfield code="d">1954-2004</marc:subfield>
			<marc:subfield code="u">Larsson, Stieg,</marc:subfield>
			<marc:subfield code="d">1954-2004</marc:subfield>
		</marc:datafield>
		<marc:datafield tag="900" ind1="1" ind2="s">
			<marc:subfield code="a">Rason, Sutiigu,</marc:subfield>
			<marc:subfield code="d">1954-2004</marc:subfield>
			<marc:subfield code="u">Larsson, Stieg,</marc:subfield>
			<marc:subfield code="d">1954-2004</marc:subfield>
		</marc:datafield>
		<marc:datafield tag="900" ind1="1" ind2="s">
			<marc:subfield code="a">, ,</marc:subfield>
			<marc:subfield code="d">1954-2004</marc:subfield>
			<marc:subfield code="u">Larsson, Stieg,</marc:subfield>
			<marc:subfield code="d">1954-2004</marc:subfield>
		</marc:datafield>
		<marc:datafield tag="900" ind1="1" ind2="s">
			<marc:subfield code="a">, ,</marc:subfield>
			<marc:subfield code="d">1954-2004</marc:subfield>
			<marc:subfield code="u">Larsson, Stieg,</marc:subfield>
			<marc:subfield code="d">1954-2004</marc:subfield>
		</marc:datafield>
		<marc:datafield tag="900" ind1="1" ind2="s">
			<marc:subfield code="a">Laruson, Sut'igu,</marc:subfield>
			<marc:subfield code="d">1954-2004</marc:subfield>
			<marc:subfield code="u">Larsson, Stieg,</marc:subfield>
			<marc:subfield code="d">1954-2004</marc:subfield>
		</marc:datafield>
		<marc:datafield tag="900" ind1="1" ind2="s">
			<marc:subfield code="a">Larson, Stig,</marc:subfield>
			<marc:subfield code="d">1954-2004</marc:subfield>
			<marc:subfield code="u">Larsson, Stieg,</marc:subfield>
			<marc:subfield code="d">1954-2004</marc:subfield>
		</marc:datafield>
		<marc:datafield tag="900" ind1="1" ind2="s">
			<marc:subfield code="a">Larsoni, Stig,</marc:subfield>
			<marc:subfield code="d">1954-2004</marc:subfield>
			<marc:subfield code="u">Larsson, Stieg,</marc:subfield>
			<marc:subfield code="d">1954-2004</marc:subfield>
		</marc:datafield>
		<marc:datafield tag="900" ind1="1" ind2="s">
			<marc:subfield code="a">Larsun, Istig,</marc:subfield>
			<marc:subfield code="d">1954-2004</marc:subfield>
			<marc:subfield code="u">Larsson, Stieg,</marc:subfield>
			<marc:subfield code="d">1954-2004</marc:subfield>
		</marc:datafield>
	</marc:record>