
	<marc:record>
		<marc:leader>01570cim a22003978i 4500</marc:leader>
		<marc:controlfield tag="001">v407qsncs640q28f</marc:controlfield>
		<marc:controlfield tag="003">LIBRIS</marc:controlfield>
		<marc:controlfield tag="005">20181017155651.0</marc:controlfield>
		<marc:controlfield tag="007">s| |||||||||||         </marc:controlfield>
		<marc:controlfield tag="007">c| |||   |||||         </marc:controlfield>
		<marc:controlfield tag="008">180830s2008    sw | |||q||||||   f swe|d</marc:controlfield>
		<marc:datafield tag="020" ind1=" " ind2=" ">
			<marc:subfield code="a">9789173133708</marc:subfield>
			<marc:subfield code="q">MP3-spelare med fil</marc:subfield>
		</marc:datafield>
		<marc:datafield tag="035" ind1=" " ind2=" ">
			<marc:subfield code="a">(BOKR)9789173133708</marc:subfield>
		</marc:datafield>
		<marc:datafield tag="040" ind1=" " ind2=" ">
			<marc:subfield code="a">BOKR</marc:subfield>
			<marc:subfield code="e">i</marc:subfield>
		</marc:datafield>
		<marc:datafield tag="041" ind1=" " ind2=" ">
			<marc:subfield code="a">swe</marc:subfield>
		</marc:datafield>
		<marc:datafield tag="100" ind1="1" ind2=" ">
			<marc:subfield code="a">Larsson, Stieg</marc:subfield>
			<marc:subfield code="d">1954-2004</marc:subfield>
			<marc:subfield code="0">http://viaf.org/viaf/54441441</marc:subfield>
			<marc:subfield code="4">aut</marc:subfield>
		</marc:datafield>
		<marc:datafield tag="245" ind1="1" ind2="0">
			<marc:subfield code="a">Luftslottet som sprn~gdes</marc:subfield>
		</marc:datafield>
		<marc:datafield tag="263" ind1=" " ind2=" ">
			<marc:subfield code="a">200802</marc:subfield>
		</marc:datafield>
		<marc:datafield tag="264" ind1=" " ind2="1">
			<marc:subfield code="b">Norstedts Audio,</marc:subfield>
			<marc:subfield code="c">2008</marc:subfield>
		</marc:datafield>
		<marc:datafield tag="336" ind1=" " ind2=" ">
			<marc:subfield code="a">spoken word</marc:subfield>
			<marc:subfield code="b">spw</marc:subfield>
			<marc:subfield code="b">spw</marc:subfield>
			<marc:subfield code="2">rdacontent</marc:subfield>
			<marc:subfield code="2">rdacontent</marc:subfield>
		</marc:datafield>
		<marc:datafield tag="337" ind1=" " ind2=" ">
			<marc:subfield code="a">computer</marc:subfield>
			<marc:subfield code="b">c</marc:subfield>
			<marc:subfield code="b">c</marc:subfield>
			<marc:subfield code="2">rdamedia</marc:subfield>
			<marc:subfield code="2">rdamedia</marc:subfield>
		</marc:datafield>
		<marc:datafield tag="338" ind1=" " ind2=" ">
			<marc:subfield code="b">q</marc:subfield>
			<marc:subfield code="b">cz</marc:subfield>
			<marc:subfield code="b">cz</marc:subfield>
			<marc:subfield code="2">rdacarrier</marc:subfield>
			<marc:subfield code="2">rdacarrier</marc:subfield>
			<marc:subfield code="2">rdacarrier</marc:subfield>
		</marc:datafield>
		<marc:datafield tag="490" ind1="0" ind2=" ">
			<marc:subfield code="a">Millennium</marc:subfield>
		</marc:datafield>
		<marc:datafield tag="599" ind1=" " ind2=" ">
			<marc:subfield code="a"
				>Maskinellt genererad post. ?ndra kod fr_ fullstn~dighetsniv �(leader/17), annars kommer manuellt gjorda n~dringar att fr_svinna.</marc:subfield>
		</marc:datafield>
		<marc:datafield tag="655" ind1=" " ind2="7">
			<marc:subfield code="a">Ljudbc_ker</marc:subfield>
			<marc:subfield code="0">https://id.kb.se/term/saogf/Ljudb%C3%B6cker</marc:subfield>
			<marc:subfield code="2">saogf</marc:subfield>
		</marc:datafield>
		<marc:datafield tag="700" ind1="1" ind2=" ">
			<marc:subfield code="a">Brynolfsson, Reine</marc:subfield>
			<marc:subfield code="4">nrt</marc:subfield>
			<marc:subfield code="0">http://viaf.org/viaf/192963548</marc:subfield>
		</marc:datafield>
		<marc:datafield tag="841" ind1=" " ind2=" ">
			<marc:subfield code="5">BOKR</marc:subfield>
			<marc:subfield code="a">x  a</marc:subfield>
			<marc:subfield code="b">180830||0000|||||000||||||000000</marc:subfield>
			<marc:subfield code="e">1</marc:subfield>
		</marc:datafield>
		<marc:datafield tag="852" ind1=" " ind2=" ">
			<marc:subfield code="5">BOKR</marc:subfield>
			<marc:subfield code="b">BOKR</marc:subfield>
		</marc:datafield>
		<marc:datafield tag="887" ind1=" " ind2=" ">
			<marc:subfield code="a"
				>{&quot;@id&quot;:&quot;v407qsncs640q28f&quot;,&quot;modified&quot;:&quot;2018-10-17T15:56:51.581+02:00&quot;,&quot;checksum&quot;:&quot;96842533314&quot;}</marc:subfield>
			<marc:subfield code="2">librisxl</marc:subfield>
		</marc:datafield>
		<marc:datafield tag="887" ind1=" " ind2=" ">
			<marc:subfield code="5">BOKR</marc:subfield>
			<marc:subfield code="a"
				>{&quot;@id&quot;:&quot;nxs1jlg8l45t8k37&quot;,&quot;modified&quot;:&quot;2018-08-30T09:03:24.028+02:00&quot;,&quot;checksum&quot;:&quot;37080779670&quot;}</marc:subfield>
			<marc:subfield code="2">librisxl</marc:subfield>
		</marc:datafield>
		<marc:datafield tag="955" ind1=" " ind2="s">
			<marc:subfield code="6">655</marc:subfield>
			<marc:subfield code="a">CD-bc_ker</marc:subfield>
			<marc:subfield code="u">Ljudbc_ker</marc:subfield>
		</marc:datafield>
		<marc:datafield tag="955" ind1=" " ind2="s">
			<marc:subfield code="6">655</marc:subfield>
			<marc:subfield code="a">E-ljudbc_ker</marc:subfield>
			<marc:subfield code="u">Ljudbc_ker</marc:subfield>
		</marc:datafield>
		<marc:datafield tag="955" ind1=" " ind2="s">
			<marc:subfield code="6">655</marc:subfield>
			<marc:subfield code="a">Hr_bc_ker</marc:subfield>
			<marc:subfield code="u">Ljudbc_ker</marc:subfield>
		</marc:datafield>
		<marc:datafield tag="955" ind1=" " ind2="s">
			<marc:subfield code="6">655</marc:subfield>
			<marc:subfield code="a">Kassettbc_ker</marc:subfield>
			<marc:subfield code="u">Ljudbc_ker</marc:subfield>
		</marc:datafield>
		<marc:datafield tag="955" ind1=" " ind2="s">
			<marc:subfield code="6">655</marc:subfield>
			<marc:subfield code="a">MP3-bc_ker</marc:subfield>
			<marc:subfield code="u">Ljudbc_ker</marc:subfield>
		</marc:datafield>
		<marc:datafield tag="955" ind1=" " ind2="k">
			<marc:subfield code="6">655</marc:subfield>
			<marc:subfield code="a">Talbc_ker</marc:subfield>
			<marc:subfield code="u">Ljudbc_ker</marc:subfield>
		</marc:datafield>
	</marc:record>