
	<marc:record>
		<marc:leader>02528nam a22006497i 4500</marc:leader>
		<marc:controlfield tag="001">22663714</marc:controlfield>
		<marc:controlfield tag="003">LIBRIS</marc:controlfield>
		<marc:controlfield tag="005">20180509114856.0</marc:controlfield>
		<marc:controlfield tag="007">ta</marc:controlfield>
		<marc:controlfield tag="008">180509s2017    ko     g      000 f kor d</marc:controlfield>
		<marc:datafield tag="020" ind1=" " ind2=" ">
			<marc:subfield code="a">978-89-546-4660-4</marc:subfield>
			<marc:subfield code="q">hbk.</marc:subfield>
		</marc:datafield>
		<marc:datafield tag="020" ind1=" " ind2=" ">
			<marc:subfield code="a">89-546-4660-3</marc:subfield>
		</marc:datafield>
		<marc:datafield tag="035" ind1=" " ind2=" ">
			<marc:subfield code="a">(OCoLC)on1013135492</marc:subfield>
		</marc:datafield>
		<marc:datafield tag="035" ind1=" " ind2=" ">
			<marc:subfield code="a">(OCoLC)1013135492</marc:subfield>
		</marc:datafield>
		<marc:datafield tag="040" ind1=" " ind2=" ">
			<marc:subfield code="a">KRNLK</marc:subfield>
			<marc:subfield code="b">kor</marc:subfield>
			<marc:subfield code="c">KRNLK</marc:subfield>
			<marc:subfield code="d">KRNLK</marc:subfield>
			<marc:subfield code="d">S</marc:subfield>
		</marc:datafield>
		<marc:datafield tag="041" ind1="1" ind2=" ">
			<marc:subfield code="a">kor</marc:subfield>
			<marc:subfield code="h">swe</marc:subfield>
		</marc:datafield>
		<marc:datafield tag="042" ind1=" " ind2=" ">
			<marc:subfield code="9">SUEC</marc:subfield>
		</marc:datafield>
		<marc:datafield tag="066" ind1=" " ind2=" ">
			<marc:subfield code="c">$1</marc:subfield>
		</marc:datafield>
		<marc:datafield tag="082" ind1="0" ind2="4">
			<marc:subfield code="a">839.738</marc:subfield>
			<marc:subfield code="2">23</marc:subfield>
			<marc:subfield code="q">KR-SlNLK</marc:subfield>
		</marc:datafield>
		<marc:datafield tag="084" ind1=" " ind2=" ">
			<marc:subfield code="a">859.7</marc:subfield>
			<marc:subfield code="q">KR-SlNLK</marc:subfield>
			<marc:subfield code="2">z</marc:subfield>
		</marc:datafield>
		<marc:datafield tag="100" ind1="1" ind2=" ">
			<marc:subfield code="a">Larsson, Stieg</marc:subfield>
			<marc:subfield code="d">1954-2004</marc:subfield>
			<marc:subfield code="0">http://viaf.org/viaf/54441441</marc:subfield>
			<marc:subfield code="4">aut</marc:subfield>
		</marc:datafield>
		<marc:datafield tag="245" ind1="0" ind2="0">
			<marc:subfield code="6">880-01</marc:subfield>
			<marc:subfield code="a">Beoljip eul bal ro chan sonyeo.</marc:subfield>
		</marc:datafield>
		<marc:datafield tag="260" ind1=" " ind2=" ">
			<marc:subfield code="6">880-02</marc:subfield>
			<marc:subfield code="a">Paju :</marc:subfield>
			<marc:subfield code="b">Munhak Dongne,</marc:subfield>
			<marc:subfield code="c">2017.</marc:subfield>
		</marc:datafield>
		<marc:datafield tag="490" ind1="0" ind2=" ">
			<marc:subfield code="a">Millennium series ;</marc:subfield>
			<marc:subfield code="v">3</marc:subfield>
		</marc:datafield>
		<marc:datafield tag="700" ind1="1" ind2=" ">
			<marc:subfield code="a">Larsson, Stieg,</marc:subfield>
			<marc:subfield code="d">1954-2004</marc:subfield>
			<marc:subfield code="0">194202</marc:subfield>
		</marc:datafield>
		<marc:datafield tag="700" ind1="1" ind2=" ">
			<marc:subfield code="a">Im, Hogyeong.</marc:subfield>
			<marc:subfield code="4">trl</marc:subfield>
			<marc:subfield code="0">http://viaf.org/viaf/189150468202204170463</marc:subfield>
		</marc:datafield>
		<marc:datafield tag="841" ind1=" " ind2=" ">
			<marc:subfield code="5">S</marc:subfield>
			<marc:subfield code="a">x  a</marc:subfield>
			<marc:subfield code="b">180509||    |||||001||||||000000</marc:subfield>
			<marc:subfield code="e">1</marc:subfield>
		</marc:datafield>
		<marc:datafield tag="852" ind1=" " ind2=" ">
			<marc:subfield code="5">S</marc:subfield>
			<marc:subfield code="b">S</marc:subfield>
			<marc:subfield code="h">Inkommen SUEC</marc:subfield>
			<marc:subfield code="x">phulam</marc:subfield>
		</marc:datafield>
		<marc:datafield tag="876" ind1=" " ind2=" ">
			<marc:subfield code="5">S</marc:subfield>
			<marc:subfield code="a">gv�a</marc:subfield>
		</marc:datafield>
		<marc:datafield tag="880" ind1=" " ind2=" ">
			<marc:subfield code="6">020-00</marc:subfield>
			<marc:subfield code="a">9788954646574</marc:subfield>
			<marc:subfield code="q">()</marc:subfield>
		</marc:datafield>
		<marc:datafield tag="880" ind1="0" ind2="0">
			<marc:subfield code="6">245-01</marc:subfield>
			<marc:subfield code="a">    :</marc:subfield>
			<marc:subfield code="b">   /</marc:subfield>
			<marc:subfield code="c">:   ; : </marc:subfield>
		</marc:datafield>
		<marc:datafield tag="880" ind1="1" ind2=" ">
			<marc:subfield code="6">246-00</marc:subfield>
			<marc:subfield code="i">:</marc:subfield>
			<marc:subfield code="a">Luftslottet som sprn~gdes</marc:subfield>
		</marc:datafield>
		<marc:datafield tag="880" ind1=" " ind2=" ">
			<marc:subfield code="6">260-02</marc:subfield>
			<marc:subfield code="a"> :</marc:subfield>
			<marc:subfield code="b">,</marc:subfield>
			<marc:subfield code="c">2017</marc:subfield>
		</marc:datafield>
		<marc:datafield tag="880" ind1=" " ind2=" ">
			<marc:subfield code="6">300-00</marc:subfield>
			<marc:subfield code="a">854 p., [1]() ;</marc:subfield>
			<marc:subfield code="c">24 cm</marc:subfield>
		</marc:datafield>
		<marc:datafield tag="880" ind1="1" ind2=" ">
			<marc:subfield code="6">490-00</marc:subfield>
			<marc:subfield code="a"> ;</marc:subfield>
			<marc:subfield code="v">3</marc:subfield>
		</marc:datafield>
		<marc:datafield tag="880" ind1="1" ind2=" ">
			<marc:subfield code="6">490-00</marc:subfield>
			<marc:subfield code="a">  =</marc:subfield>
			<marc:subfield code="a">Millennium series</marc:subfield>
		</marc:datafield>
		<marc:datafield tag="880" ind1=" " ind2=" ">
			<marc:subfield code="6">500-00</marc:subfield>
			<marc:subfield code="a">: Stieg Larsson</marc:subfield>
		</marc:datafield>
		<marc:datafield tag="880" ind1=" " ind2=" ">
			<marc:subfield code="6">546-00</marc:subfield>
			<marc:subfield code="a"/>
		</marc:datafield>
		<marc:datafield tag="880" ind1=" " ind2="4">
			<marc:subfield code="6">650-00</marc:subfield>
			<marc:subfield code="a"> [--]</marc:subfield>
		</marc:datafield>
		<marc:datafield tag="880" ind1="1" ind2=" ">
			<marc:subfield code="6">700-03</marc:subfield>
			<marc:subfield code="a">,</marc:subfield>
			<marc:subfield code="d">1961-</marc:subfield>
			<marc:subfield code="0">(KR-SlNLK)KAC201203809</marc:subfield>
		</marc:datafield>
		<marc:datafield tag="880" ind1=" " ind2="0">
			<marc:subfield code="6">830-00</marc:subfield>
			<marc:subfield code="a"> ;</marc:subfield>
			<marc:subfield code="v">3</marc:subfield>
		</marc:datafield>
		<marc:datafield tag="880" ind1=" " ind2="0">
			<marc:subfield code="6">830-00</marc:subfield>
			<marc:subfield code="a"/>
		</marc:datafield>
		<marc:datafield tag="900" ind1="1" ind2="s">
			<marc:subfield code="6">700</marc:subfield>
			<marc:subfield code="a">Larsson, Stig-Erland,</marc:subfield>
			<marc:subfield code="d">1954-2004</marc:subfield>
			<marc:subfield code="u">Larsson, Stieg,</marc:subfield>
			<marc:subfield code="d">1954-2004</marc:subfield>
		</marc:datafield>
		<marc:datafield tag="900" ind1="1" ind2="s">
			<marc:subfield code="6">700</marc:subfield>
			<marc:subfield code="a">Larsson, Stig,</marc:subfield>
			<marc:subfield code="c">1954-2004</marc:subfield>
			<marc:subfield code="u">Larsson, Stieg,</marc:subfield>
			<marc:subfield code="d">1954-2004</marc:subfield>
		</marc:datafield>
		<marc:datafield tag="900" ind1="1" ind2="s">
			<marc:subfield code="6">700</marc:subfield>
			<marc:subfield code="a">Lasen, Sidige,</marc:subfield>
			<marc:subfield code="c">1954-2004</marc:subfield>
			<marc:subfield code="u">Larsson, Stieg,</marc:subfield>
			<marc:subfield code="d">1954-2004</marc:subfield>
		</marc:datafield>
		<marc:datafield tag="900" ind1="1" ind2="s">
			<marc:subfield code="6">700</marc:subfield>
			<marc:subfield code="a">Lasen, Shidige,</marc:subfield>
			<marc:subfield code="c">1954-2004</marc:subfield>
			<marc:subfield code="u">Larsson, Stieg,</marc:subfield>
			<marc:subfield code="d">1954-2004</marc:subfield>
		</marc:datafield>
		<marc:datafield tag="900" ind1="1" ind2="s">
			<marc:subfield code="6">700</marc:subfield>
			<marc:subfield code="a">Larson, Stig,</marc:subfield>
			<marc:subfield code="d">1954-2004</marc:subfield>
			<marc:subfield code="u">Larsson, Stieg,</marc:subfield>
			<marc:subfield code="d">1954-2004</marc:subfield>
		</marc:datafield>
		<marc:datafield tag="900" ind1="1" ind2="s">
			<marc:subfield code="6">700</marc:subfield>
			<marc:subfield code="a">Larsun, Stigh,</marc:subfield>
			<marc:subfield code="d">1954-2004</marc:subfield>
			<marc:subfield code="u">Larsson, Stieg,</marc:subfield>
			<marc:subfield code="d">1954-2004</marc:subfield>
		</marc:datafield>
		<marc:datafield tag="900" ind1="1" ind2="s">
			<marc:subfield code="6">700</marc:subfield>
			<marc:subfield code="a">Larson, Sting,</marc:subfield>
			<marc:subfield code="d">1954-2004</marc:subfield>
			<marc:subfield code="u">Larsson, Stieg,</marc:subfield>
			<marc:subfield code="d">1954-2004</marc:subfield>
		</marc:datafield>
		<marc:datafield tag="900" ind1="1" ind2="s">
			<marc:subfield code="6">700</marc:subfield>
			<marc:subfield code="a">, ,</marc:subfield>
			<marc:subfield code="d">1954-2004</marc:subfield>
			<marc:subfield code="u">Larsson, Stieg,</marc:subfield>
			<marc:subfield code="d">1954-2004</marc:subfield>
		</marc:datafield>
		<marc:datafield tag="900" ind1="1" ind2="s">
			<marc:subfield code="6">700</marc:subfield>
			<marc:subfield code="a">Rason, Sutiigu,</marc:subfield>
			<marc:subfield code="d">1954-2004</marc:subfield>
			<marc:subfield code="u">Larsson, Stieg,</marc:subfield>
			<marc:subfield code="d">1954-2004</marc:subfield>
		</marc:datafield>
		<marc:datafield tag="900" ind1="1" ind2="s">
			<marc:subfield code="6">700</marc:subfield>
			<marc:subfield code="a">, ,</marc:subfield>
			<marc:subfield code="d">1954-2004</marc:subfield>
			<marc:subfield code="u">Larsson, Stieg,</marc:subfield>
			<marc:subfield code="d">1954-2004</marc:subfield>
		</marc:datafield>
		<marc:datafield tag="900" ind1="1" ind2="s">
			<marc:subfield code="6">700</marc:subfield>
			<marc:subfield code="a">, ,</marc:subfield>
			<marc:subfield code="d">1954-2004</marc:subfield>
			<marc:subfield code="u">Larsson, Stieg,</marc:subfield>
			<marc:subfield code="d">1954-2004</marc:subfield>
		</marc:datafield>
		<marc:datafield tag="900" ind1="1" ind2="s">
			<marc:subfield code="6">700</marc:subfield>
			<marc:subfield code="a">Laruson, Sut'igu,</marc:subfield>
			<marc:subfield code="d">1954-2004</marc:subfield>
			<marc:subfield code="u">Larsson, Stieg,</marc:subfield>
			<marc:subfield code="d">1954-2004</marc:subfield>
		</marc:datafield>
		<marc:datafield tag="900" ind1="1" ind2="s">
			<marc:subfield code="6">700</marc:subfield>
			<marc:subfield code="a">Larson, Stig,</marc:subfield>
			<marc:subfield code="d">1954-2004</marc:subfield>
			<marc:subfield code="u">Larsson, Stieg,</marc:subfield>
			<marc:subfield code="d">1954-2004</marc:subfield>
		</marc:datafield>
		<marc:datafield tag="900" ind1="1" ind2="s">
			<marc:subfield code="6">700</marc:subfield>
			<marc:subfield code="a">Larsoni, Stig,</marc:subfield>
			<marc:subfield code="d">1954-2004</marc:subfield>
			<marc:subfield code="u">Larsson, Stieg,</marc:subfield>
			<marc:subfield code="d">1954-2004</marc:subfield>
		</marc:datafield>
		<marc:datafield tag="900" ind1="1" ind2="s">
			<marc:subfield code="6">700</marc:subfield>
			<marc:subfield code="a">Larsun, Istig,</marc:subfield>
			<marc:subfield code="d">1954-2004</marc:subfield>
			<marc:subfield code="u">Larsson, Stieg,</marc:subfield>
			<marc:subfield code="d">1954-2004</marc:subfield>
		</marc:datafield>
		<marc:datafield tag="900" ind1="1" ind2="s">
			<marc:subfield code="6">700</marc:subfield>
			<marc:subfield code="a"/>
			<marc:subfield code="d">1954+2004</marc:subfield>
			<marc:subfield code="u">Larsson, Stieg,</marc:subfield>
			<marc:subfield code="d">1954-2004</marc:subfield>
		</marc:datafield>
	</marc:record>