
	<marc:record>
		<marc:leader>02228nam a22004937i 4500</marc:leader>
		<marc:controlfield tag="001">22461433</marc:controlfield>
		<marc:controlfield tag="003">LIBRIS</marc:controlfield>
		<marc:controlfield tag="005">20180223090244.0</marc:controlfield>
		<marc:controlfield tag="008">180223s2017    rb |          00| f srp c</marc:controlfield>
		<marc:datafield tag="020" ind1=" " ind2=" ">
			<marc:subfield code="a">978-86-7702-093-4</marc:subfield>
			<marc:subfield code="q">hf~tad</marc:subfield>
		</marc:datafield>
		<marc:datafield tag="040" ind1=" " ind2=" ">
			<marc:subfield code="a">S</marc:subfield>
			<marc:subfield code="b">swe</marc:subfield>
			<marc:subfield code="e">rda</marc:subfield>
		</marc:datafield>
		<marc:datafield tag="041" ind1="1" ind2=" ">
			<marc:subfield code="a">srp</marc:subfield>
			<marc:subfield code="h">swe</marc:subfield>
		</marc:datafield>
		<marc:datafield tag="042" ind1=" " ind2=" ">
			<marc:subfield code="9">SUEC</marc:subfield>
		</marc:datafield>
		<marc:datafield tag="100" ind1="1" ind2=" ">
			<marc:subfield code="a">Larsson, Stieg</marc:subfield>
			<marc:subfield code="d">1954-2004</marc:subfield>
			<marc:subfield code="0">http://viaf.org/viaf/54441441</marc:subfield>
			<marc:subfield code="4">aut</marc:subfield>
		</marc:datafield>
		<marc:datafield tag="240" ind1="1" ind2="0">
			<marc:subfield code="a">Luftslottet som spr�ngdes.</marc:subfield>
			<marc:subfield code="l">Serbiska</marc:subfield>
		</marc:datafield>
		<marc:datafield tag="245" ind1="1" ind2="0">
			<marc:subfield code="a">Kula od karata :</marc:subfield>
			<marc:subfield code="b">treci deo trilogije Milenijum /</marc:subfield>
			<marc:subfield code="c"
				>Stieg Larsson ; preveli Dorijan Hajdu, Zorica Mancic i Danijela Babic</marc:subfield>
		</marc:datafield>
		<marc:datafield tag="250" ind1=" " ind2=" ">
			<marc:subfield code="a">3. izdanje</marc:subfield>
		</marc:datafield>
		<marc:datafield tag="260" ind1=" " ind2=" ">
			<marc:subfield code="a">Beograd :</marc:subfield>
			<marc:subfield code="b">Carobna knjiga,</marc:subfield>
			<marc:subfield code="c">2016</marc:subfield>
		</marc:datafield>
		<marc:datafield tag="264" ind1=" " ind2="1">
			<marc:subfield code="a">Beograd :</marc:subfield>
			<marc:subfield code="b">Carobna knjiga,</marc:subfield>
			<marc:subfield code="c">2016</marc:subfield>
		</marc:datafield>
		<marc:datafield tag="300" ind1=" " ind2=" ">
			<marc:subfield code="a">606 sidor</marc:subfield>
		</marc:datafield>
		<marc:datafield tag="336" ind1=" " ind2=" ">
			<marc:subfield code="b">txt</marc:subfield>
			<marc:subfield code="2">rdacontent</marc:subfield>
		</marc:datafield>
		<marc:datafield tag="337" ind1=" " ind2=" ">
			<marc:subfield code="b">n</marc:subfield>
			<marc:subfield code="2">rdamedia</marc:subfield>
		</marc:datafield>
		<marc:datafield tag="338" ind1=" " ind2=" ">
			<marc:subfield code="b">nc</marc:subfield>
			<marc:subfield code="2">rdacarrier</marc:subfield>
		</marc:datafield>
		<marc:datafield tag="490" ind1="1" ind2=" ">
			<marc:subfield code="a">Milenijum ;</marc:subfield>
			<marc:subfield code="v">3</marc:subfield>
		</marc:datafield>
		<marc:datafield tag="800" ind1="1" ind2=" ">
			<marc:subfield code="a">Larsson, Stieg,</marc:subfield>
			<marc:subfield code="d">1954-2004.</marc:subfield>
			<marc:subfield code="t">Millennium.</marc:subfield>
			<marc:subfield code="l">Serbiska</marc:subfield>
			<marc:subfield code="0">194202</marc:subfield>
		</marc:datafield>
		<marc:datafield tag="841" ind1=" " ind2=" ">
			<marc:subfield code="5">S</marc:subfield>
			<marc:subfield code="a">x  a</marc:subfield>
			<marc:subfield code="b">180223||    |||||001||||||000000</marc:subfield>
			<marc:subfield code="e">1</marc:subfield>
		</marc:datafield>
		<marc:datafield tag="852" ind1=" " ind2=" ">
			<marc:subfield code="5">S</marc:subfield>
			<marc:subfield code="b">S</marc:subfield>
			<marc:subfield code="h">z2018</marc:subfield>
			<marc:subfield code="j">312</marc:subfield>
			<marc:subfield code="x">ul20182mon</marc:subfield>
			<marc:subfield code="x">fatkla</marc:subfield>
		</marc:datafield>
		<marc:datafield tag="876" ind1=" " ind2=" ">
			<marc:subfield code="5">S</marc:subfield>
			<marc:subfield code="a">180223/gv�a</marc:subfield>
		</marc:datafield>
		<marc:datafield tag="900" ind1="1" ind2="s">
			<marc:subfield code="6">100,800</marc:subfield>
			<marc:subfield code="a">Larsson, Stig-Erland,</marc:subfield>
			<marc:subfield code="d">1954-2004</marc:subfield>
			<marc:subfield code="u">Larsson, Stieg,</marc:subfield>
			<marc:subfield code="d">1954-2004</marc:subfield>
		</marc:datafield>
		<marc:datafield tag="900" ind1="1" ind2="s">
			<marc:subfield code="6">100,800</marc:subfield>
			<marc:subfield code="a">Larsson, Stig,</marc:subfield>
			<marc:subfield code="c">1954-2004</marc:subfield>
			<marc:subfield code="u">Larsson, Stieg,</marc:subfield>
			<marc:subfield code="d">1954-2004</marc:subfield>
		</marc:datafield>
		<marc:datafield tag="900" ind1="1" ind2="s">
			<marc:subfield code="6">100,800</marc:subfield>
			<marc:subfield code="a">Lasen, Sidige,</marc:subfield>
			<marc:subfield code="c">1954-2004</marc:subfield>
			<marc:subfield code="u">Larsson, Stieg,</marc:subfield>
			<marc:subfield code="d">1954-2004</marc:subfield>
		</marc:datafield>
		<marc:datafield tag="900" ind1="1" ind2="s">
			<marc:subfield code="6">100,800</marc:subfield>
			<marc:subfield code="a">Lasen, Shidige,</marc:subfield>
			<marc:subfield code="c">1954-2004</marc:subfield>
			<marc:subfield code="u">Larsson, Stieg,</marc:subfield>
			<marc:subfield code="d">1954-2004</marc:subfield>
		</marc:datafield>
		<marc:datafield tag="900" ind1="1" ind2="s">
			<marc:subfield code="6">100,800</marc:subfield>
			<marc:subfield code="a">Larson, Stig,</marc:subfield>
			<marc:subfield code="d">1954-2004</marc:subfield>
			<marc:subfield code="u">Larsson, Stieg,</marc:subfield>
			<marc:subfield code="d">1954-2004</marc:subfield>
		</marc:datafield>
		<marc:datafield tag="900" ind1="1" ind2="s">
			<marc:subfield code="6">100,800</marc:subfield>
			<marc:subfield code="a">Larsun, Stigh,</marc:subfield>
			<marc:subfield code="d">1954-2004</marc:subfield>
			<marc:subfield code="u">Larsson, Stieg,</marc:subfield>
			<marc:subfield code="d">1954-2004</marc:subfield>
		</marc:datafield>
		<marc:datafield tag="900" ind1="1" ind2="s">
			<marc:subfield code="6">100,800</marc:subfield>
			<marc:subfield code="a">Larson, Sting,</marc:subfield>
			<marc:subfield code="d">1954-2004</marc:subfield>
			<marc:subfield code="u">Larsson, Stieg,</marc:subfield>
			<marc:subfield code="d">1954-2004</marc:subfield>
		</marc:datafield>
		<marc:datafield tag="900" ind1="1" ind2="s">
			<marc:subfield code="6">100,800</marc:subfield>
			<marc:subfield code="a">, ,</marc:subfield>
			<marc:subfield code="d">1954-2004</marc:subfield>
			<marc:subfield code="u">Larsson, Stieg,</marc:subfield>
			<marc:subfield code="d">1954-2004</marc:subfield>
		</marc:datafield>
		<marc:datafield tag="900" ind1="1" ind2="s">
			<marc:subfield code="6">100,800</marc:subfield>
			<marc:subfield code="a">Rason, Sutiigu,</marc:subfield>
			<marc:subfield code="d">1954-2004</marc:subfield>
			<marc:subfield code="u">Larsson, Stieg,</marc:subfield>
			<marc:subfield code="d">1954-2004</marc:subfield>
		</marc:datafield>
		<marc:datafield tag="900" ind1="1" ind2="s">
			<marc:subfield code="6">100,800</marc:subfield>
			<marc:subfield code="a">, ,</marc:subfield>
			<marc:subfield code="d">1954-2004</marc:subfield>
			<marc:subfield code="u">Larsson, Stieg,</marc:subfield>
			<marc:subfield code="d">1954-2004</marc:subfield>
		</marc:datafield>
		<marc:datafield tag="900" ind1="1" ind2="s">
			<marc:subfield code="6">100,800</marc:subfield>
			<marc:subfield code="a">, ,</marc:subfield>
			<marc:subfield code="d">1954-2004</marc:subfield>
			<marc:subfield code="u">Larsson, Stieg,</marc:subfield>
			<marc:subfield code="d">1954-2004</marc:subfield>
		</marc:datafield>
		<marc:datafield tag="900" ind1="1" ind2="s">
			<marc:subfield code="6">100,800</marc:subfield>
			<marc:subfield code="a">Laruson, Sut'igu,</marc:subfield>
			<marc:subfield code="d">1954-2004</marc:subfield>
			<marc:subfield code="u">Larsson, Stieg,</marc:subfield>
			<marc:subfield code="d">1954-2004</marc:subfield>
		</marc:datafield>
		<marc:datafield tag="900" ind1="1" ind2="s">
			<marc:subfield code="6">100,800</marc:subfield>
			<marc:subfield code="a">Larson, Stig,</marc:subfield>
			<marc:subfield code="d">1954-2004</marc:subfield>
			<marc:subfield code="u">Larsson, Stieg,</marc:subfield>
			<marc:subfield code="d">1954-2004</marc:subfield>
		</marc:datafield>
		<marc:datafield tag="900" ind1="1" ind2="s">
			<marc:subfield code="6">100,800</marc:subfield>
			<marc:subfield code="a">Larsoni, Stig,</marc:subfield>
			<marc:subfield code="d">1954-2004</marc:subfield>
			<marc:subfield code="u">Larsson, Stieg,</marc:subfield>
			<marc:subfield code="d">1954-2004</marc:subfield>
		</marc:datafield>
		<marc:datafield tag="900" ind1="1" ind2="s">
			<marc:subfield code="6">100,800</marc:subfield>
			<marc:subfield code="a">Larsun, Istig,</marc:subfield>
			<marc:subfield code="d">1954-2004</marc:subfield>
			<marc:subfield code="u">Larsson, Stieg,</marc:subfield>
			<marc:subfield code="d">1954-2004</marc:subfield>
		</marc:datafield>
		<marc:datafield tag="900" ind1="1" ind2="s">
			<marc:subfield code="6">100,800</marc:subfield>
			<marc:subfield code="a"/>
			<marc:subfield code="d">1954+2004</marc:subfield>
			<marc:subfield code="u">Larsson, Stieg,</marc:subfield>
			<marc:subfield code="d">1954-2004</marc:subfield>
		</marc:datafield>
	</marc:record>