
	<marc:record>
		<marc:leader>00580pam a2200145 a 4500</marc:leader>
		<marc:controlfield tag="001">000034833800</marc:controlfield>
		<marc:controlfield tag="008">090417s2009    oncj          000 f eng  </marc:controlfield>
		<marc:datafield tag="020" ind1=" " ind2=" ">
			<marc:subfield code="a">9780143170099</marc:subfield>
		</marc:datafield>
		<marc:datafield tag="100" ind1="1" ind2=" ">
			<marc:subfield code="a">Larsson, Stieg</marc:subfield>
			<marc:subfield code="d">1954-2004</marc:subfield>
			<marc:subfield code="0">http://viaf.org/viaf/54441441</marc:subfield>
			<marc:subfield code="4">aut</marc:subfield>
		</marc:datafield>
		<marc:datafield tag="245" ind1="1" ind2="4">
			<marc:subfield code="a">The girl with the dragon tattoo /</marc:subfield>
			<marc:subfield code="c">Stieg Larsson.</marc:subfield>
		</marc:datafield>
		<marc:datafield tag="260" ind1=" " ind2=" ">
			<marc:subfield code="a">Toronto :</marc:subfield>
			<marc:subfield code="b">Penguin Canada,</marc:subfield>
			<marc:subfield code="c">2009.</marc:subfield>
		</marc:datafield>
		<marc:datafield tag="300" ind1=" " ind2=" ">
			<marc:subfield code="a">841 p. :</marc:subfield>
			<marc:subfield code="b">geneal. table ;</marc:subfield>
			<marc:subfield code="c">19 cm.</marc:subfield>
		</marc:datafield>
		<marc:datafield tag="490" ind1="1" ind2=" ">
			<marc:subfield code="a">Millennium trilogy ;</marc:subfield>
			<marc:subfield code="v">bk. 1</marc:subfield>
		</marc:datafield>
		<marc:datafield tag="852" ind1="0" ind2="0">
			<marc:subfield code="9">1</marc:subfield>
			<marc:subfield code="a">CaOONL</marc:subfield>
			<marc:subfield code="c">NL Stacks</marc:subfield>
			<marc:subfield code="h">PT9877 .22 A785</marc:subfield>
			<marc:subfield code="i">M3613 2009</marc:subfield>
			<marc:subfield code="z">LAC copy: Defective. P. 180-212 wanting.</marc:subfield>
		</marc:datafield>
		<marc:datafield tag="852" ind1="4" ind2="0">
			<marc:subfield code="9">2</marc:subfield>
			<marc:subfield code="a">CaOONL</marc:subfield>
			<marc:subfield code="c">Preserv - off site</marc:subfield>
			<marc:subfield code="j">A-43334</marc:subfield>
			<marc:subfield code="t">Copy 2</marc:subfield>
			<marc:subfield code="z">LAC copy: Paperback</marc:subfield>
		</marc:datafield>
	</marc:record>