
	<marc:record>
		<marc:leader>00560pam a2200133 a 4500</marc:leader>
		<marc:controlfield tag="001">000037381461</marc:controlfield>
		<marc:controlfield tag="008">100125t20102009onc           000 f eng  </marc:controlfield>
		<marc:datafield tag="020" ind1=" " ind2=" ">
			<marc:subfield code="a">9780670069033</marc:subfield>
		</marc:datafield>
		<marc:datafield tag="100" ind1="1" ind2=" ">
			<marc:subfield code="a">Larsson, Stieg</marc:subfield>
			<marc:subfield code="d">1954-2004</marc:subfield>
			<marc:subfield code="0">http://viaf.org/viaf/54441441</marc:subfield>
			<marc:subfield code="4">aut</marc:subfield>
		</marc:datafield>
		<marc:datafield tag="245" ind1="1" ind2="4">
			<marc:subfield code="a">The girl who kicked the hornets' nest /</marc:subfield>
			<marc:subfield code="c"
				>Stieg Larsson ; translated from the Swedish by Reg Keeland.</marc:subfield>
		</marc:datafield>
		<marc:datafield tag="260" ind1=" " ind2=" ">
			<marc:subfield code="a">Toronto :</marc:subfield>
			<marc:subfield code="b">Viking Canada,</marc:subfield>
			<marc:subfield code="c">2010, c2009.</marc:subfield>
		</marc:datafield>
		<marc:datafield tag="300" ind1=" " ind2=" ">
			<marc:subfield code="a">563 p. ;</marc:subfield>
			<marc:subfield code="c">24 cm.</marc:subfield>
		</marc:datafield>
		<marc:datafield tag="700" ind1="1" ind2=" ">
			<marc:subfield code="a">Keeland, Reg</marc:subfield>
			<marc:subfield code="d">1943-</marc:subfield>
			<marc:subfield code="0">http://viaf.org/viaf/1945746</marc:subfield>
			<marc:subfield code="4">trl</marc:subfield>
		</marc:datafield>
		<marc:datafield tag="852" ind1="0" ind2="0">
			<marc:subfield code="9">1</marc:subfield>
			<marc:subfield code="a">CaOONL</marc:subfield>
			<marc:subfield code="c">NL Stacks</marc:subfield>
			<marc:subfield code="h">PT9877 .22 A785</marc:subfield>
			<marc:subfield code="i">L8313 2010</marc:subfield>
			<marc:subfield code="z">LAC copy: Hard cover.</marc:subfield>
		</marc:datafield>
		<marc:datafield tag="852" ind1="4" ind2="0">
			<marc:subfield code="9">2</marc:subfield>
			<marc:subfield code="a">CaOONL</marc:subfield>
			<marc:subfield code="c">Preserv - off site</marc:subfield>
			<marc:subfield code="j">B-131416</marc:subfield>
			<marc:subfield code="t">Copy 2</marc:subfield>
			<marc:subfield code="z">LAC copy: Hard cover.</marc:subfield>
		</marc:datafield>
	</marc:record>