
	<marc:record>
		<marc:leader>00422nam a22001098  4500</marc:leader>
		<marc:controlfield tag="001">000037939980</marc:controlfield>
		<marc:controlfield tag="008">100511s2010    xx       ||   |   1|eng d</marc:controlfield>
		<marc:datafield tag="020" ind1=" " ind2=" ">
			<marc:subfield code="a">0307594777</marc:subfield>
		</marc:datafield>
		<marc:datafield tag="020" ind1=" " ind2=" ">
			<marc:subfield code="a">9780307594778</marc:subfield>
		</marc:datafield>
		<marc:datafield tag="100" ind1="1" ind2=" ">
			<marc:subfield code="a">Larsson, Stieg</marc:subfield>
			<marc:subfield code="d">1954-2004</marc:subfield>
			<marc:subfield code="0">http://viaf.org/viaf/54441441</marc:subfield>
			<marc:subfield code="4">aut</marc:subfield>
		</marc:datafield>
		<marc:datafield tag="245" ind1="1" ind2="4">
			<marc:subfield code="a">The Millennium Trilogy :</marc:subfield>
			<marc:subfield code="b"
				>The Girl with the Dragon Tattoo, The Girl Who Played with Fire, The Girl Who Kicked the Hornet's Nest.</marc:subfield>
		</marc:datafield>
		<marc:datafield tag="260" ind1=" " ind2=" ">
			<marc:subfield code="a">[s.l.] :</marc:subfield>
			<marc:subfield code="b">Knopf Doubleday Publishing Group,</marc:subfield>
			<marc:subfield code="c">2010.</marc:subfield>
		</marc:datafield>
	</marc:record>