
	<marc:record>
		<marc:leader>02491cam a2200649 c 4500</marc:leader>
		<marc:controlfield tag="001">990701387704702201</marc:controlfield>
		<marc:controlfield tag="005">20160622154545.0</marc:controlfield>
		<marc:controlfield tag="007">ta</marc:controlfield>
		<marc:controlfield tag="007">cr||||||||||||</marc:controlfield>
		<marc:controlfield tag="008">150922s2007    no#||||| |||||000|f|nob| </marc:controlfield>
		<marc:datafield tag="015" ind1=" " ind2=" ">
			<marc:subfield code="a">0707905</marc:subfield>
			<marc:subfield code="2">nbf</marc:subfield>
		</marc:datafield>
		<marc:datafield tag="020" ind1=" " ind2=" ">
			<marc:subfield code="a">9788205346413</marc:subfield>
			<marc:subfield code="q">ib.</marc:subfield>
			<marc:subfield code="c">Nkr 349.00</marc:subfield>
			<marc:subfield code="q">Gyldendal</marc:subfield>
		</marc:datafield>
		<marc:datafield tag="020" ind1=" " ind2=" ">
			<marc:subfield code="a">9788202272111</marc:subfield>
			<marc:subfield code="q">ib.</marc:subfield>
			<marc:subfield code="q">Cappelens bokklubb</marc:subfield>
		</marc:datafield>
		<marc:datafield tag="020" ind1=" " ind2=" ">
			<marc:subfield code="a">9788252565355</marc:subfield>
			<marc:subfield code="q">ib.</marc:subfield>
			<marc:subfield code="q">Bokklubben</marc:subfield>
		</marc:datafield>
		<marc:datafield tag="035" ind1=" " ind2=" ">
			<marc:subfield code="a">07013877x-47bibsys_network</marc:subfield>
		</marc:datafield>
		<marc:datafield tag="035" ind1=" " ind2=" ">
			<marc:subfield code="a">(NO-TrBIB)07013877x</marc:subfield>
		</marc:datafield>
		<marc:datafield tag="035" ind1=" " ind2=" ">
			<marc:subfield code="a">(NO-TrBIB)112871089</marc:subfield>
		</marc:datafield>
		<marc:datafield tag="040" ind1=" " ind2=" ">
			<marc:subfield code="a">NO-OsNB</marc:subfield>
			<marc:subfield code="b">nob</marc:subfield>
			<marc:subfield code="e">katreg</marc:subfield>
		</marc:datafield>
		<marc:datafield tag="041" ind1="1" ind2=" ">
			<marc:subfield code="h">swe</marc:subfield>
		</marc:datafield>
		<marc:datafield tag="042" ind1=" " ind2=" ">
			<marc:subfield code="a">norbibl</marc:subfield>
		</marc:datafield>
		<marc:datafield tag="044" ind1=" " ind2=" ">
			<marc:subfield code="c">no</marc:subfield>
		</marc:datafield>
		<marc:datafield tag="080" ind1=" " ind2=" ">
			<marc:subfield code="a">839.7</marc:subfield>
		</marc:datafield>
		<marc:datafield tag="080" ind1=" " ind2=" ">
			<marc:subfield code="a">839.6</marc:subfield>
		</marc:datafield>
		<marc:datafield tag="080" ind1=" " ind2=" ">
			<marc:subfield code="a">82</marc:subfield>
		</marc:datafield>
		<marc:datafield tag="082" ind1="7" ind2="4">
			<marc:subfield code="a">839.73</marc:subfield>
			<marc:subfield code="q">NO-OsNB</marc:subfield>
			<marc:subfield code="2">5/nor</marc:subfield>
		</marc:datafield>
		<marc:datafield tag="084" ind1=" " ind2=" ">
			<marc:subfield code="a">S 10b</marc:subfield>
			<marc:subfield code="2">oosk</marc:subfield>
		</marc:datafield>
		<marc:datafield tag="100" ind1="1" ind2=" ">
			<marc:subfield code="a">Larsson, Stieg</marc:subfield>
			<marc:subfield code="d">1954-2004</marc:subfield>
			<marc:subfield code="0">http://viaf.org/viaf/54441441</marc:subfield>
			<marc:subfield code="4">aut</marc:subfield>
		</marc:datafield>
		<marc:datafield tag="245" ind1="1" ind2="0">
			<marc:subfield code="a">Jenta som lekte med ilden</marc:subfield>
			<marc:subfield code="c"
				>Stieg Larsson ; oversatt fra svensk av Elisabeth Bj�rnson</marc:subfield>
		</marc:datafield>
		<marc:datafield tag="246" ind1="1" ind2=" ">
			<marc:subfield code="a">Flickan som lekte med elden</marc:subfield>
			<marc:subfield code="i">Originaltittel</marc:subfield>
		</marc:datafield>
		<marc:datafield tag="260" ind1=" " ind2=" ">
			<marc:subfield code="a">[Oslo]</marc:subfield>
			<marc:subfield code="b">Gyldendal</marc:subfield>
			<marc:subfield code="c">2007</marc:subfield>
		</marc:datafield>
		<marc:datafield tag="300" ind1=" " ind2=" ">
			<marc:subfield code="a">622 s.</marc:subfield>
		</marc:datafield>
		<marc:datafield tag="500" ind1=" " ind2=" ">
			<marc:subfield code="a">&quot;Millennium&quot; - Smusstittelsiden</marc:subfield>
		</marc:datafield>
		<marc:datafield tag="500" ind1=" " ind2=" ">
			<marc:subfield code="a">P� l�st omslag: Krim</marc:subfield>
		</marc:datafield>
		<marc:datafield tag="653" ind1=" " ind2=" ">
			<marc:subfield code="a">roman</marc:subfield>
			<marc:subfield code="a">krim</marc:subfield>
			<marc:subfield code="a">kriminallitteratur</marc:subfield>
			<marc:subfield code="a">spenning</marc:subfield>
			<marc:subfield code="a">sverige</marc:subfield>
			<marc:subfield code="a">svenske</marc:subfield>
			<marc:subfield code="a">romaner</marc:subfield>
			<marc:subfield code="a">2000-tallet</marc:subfield>
			<marc:subfield code="a">kriminalromaner</marc:subfield>
			<marc:subfield code="a">skj�nnlitteratur</marc:subfield>
		</marc:datafield>
		<marc:datafield tag="655" ind1=" " ind2="4">
			<marc:subfield code="a">Kriminal</marc:subfield>
		</marc:datafield>
		<marc:datafield tag="700" ind1="1" ind2=" ">
			<marc:subfield code="a">Bj�rnson, Elisabeth</marc:subfield>
			<marc:subfield code="4">trl</marc:subfield>
			<marc:subfield code="0">http://viaf.org/viaf/265418529</marc:subfield>
		</marc:datafield>
		<marc:datafield tag="776" ind1="0" ind2=" ">
			<marc:subfield code="t">Jenta som lekte med ilden</marc:subfield>
			<marc:subfield code="w">991328029104702201</marc:subfield>
		</marc:datafield>
		<marc:datafield tag="856" ind1="4" ind2="2">
			<marc:subfield code="3">Beskrivelse fra forlaget (kort)</marc:subfield>
			<marc:subfield code="u"
				>http://content.bibsys.no/content/?type=descr_publ_brief&amp;isbn=8205346410</marc:subfield>
		</marc:datafield>
		<marc:datafield tag="856" ind1="4" ind2="2">
			<marc:subfield code="3">Beskrivelse fra Forlagssentralen</marc:subfield>
			<marc:subfield code="u"
				>http://content.bibsys.no/content/?type=descr_forlagssentr&amp;isbn=8205346410</marc:subfield>
		</marc:datafield>
		<marc:datafield tag="901" ind1=" " ind2=" ">
			<marc:subfield code="a">90</marc:subfield>
		</marc:datafield>
		<marc:datafield tag="913" ind1=" " ind2=" ">
			<marc:subfield code="a">Norbok</marc:subfield>
			<marc:subfield code="b">NB</marc:subfield>
		</marc:datafield>
		<marc:datafield tag="852" ind1="0" ind2="1">
			<marc:subfield code="a">47BIBSYS_UBO</marc:subfield>
			<marc:subfield code="6">990701387704702204</marc:subfield>
			<marc:subfield code="9">P</marc:subfield>
		</marc:datafield>
		<marc:datafield tag="852" ind1="0" ind2="1">
			<marc:subfield code="a">47BIBSYS_HIOA</marc:subfield>
			<marc:subfield code="6">990701387704702212</marc:subfield>
			<marc:subfield code="9">P</marc:subfield>
		</marc:datafield>
		<marc:datafield tag="852" ind1="0" ind2="1">
			<marc:subfield code="a">47BIBSYS_UBIS</marc:subfield>
			<marc:subfield code="6">990701387704702208</marc:subfield>
			<marc:subfield code="9">P</marc:subfield>
		</marc:datafield>
		<marc:datafield tag="852" ind1="0" ind2="1">
			<marc:subfield code="a">47BIBSYS_HH</marc:subfield>
			<marc:subfield code="6">990701387704702214</marc:subfield>
			<marc:subfield code="9">P</marc:subfield>
		</marc:datafield>
		<marc:datafield tag="852" ind1="0" ind2="1">
			<marc:subfield code="a">47BIBSYS_HIB</marc:subfield>
			<marc:subfield code="6">990701387704702221</marc:subfield>
			<marc:subfield code="9">P</marc:subfield>
		</marc:datafield>
		<marc:datafield tag="852" ind1="0" ind2="1">
			<marc:subfield code="a">47BIBSYS_NTNU_UB</marc:subfield>
			<marc:subfield code="6">990701387704702203</marc:subfield>
			<marc:subfield code="9">P</marc:subfield>
		</marc:datafield>
		<marc:datafield tag="852" ind1="0" ind2="1">
			<marc:subfield code="a">47BIBSYS_KRUS</marc:subfield>
			<marc:subfield code="6">990701387704702285</marc:subfield>
			<marc:subfield code="9">P</marc:subfield>
		</marc:datafield>
		<marc:datafield tag="852" ind1="0" ind2="1">
			<marc:subfield code="a">47BIBSYS_UBB</marc:subfield>
			<marc:subfield code="6">990701387704702207</marc:subfield>
			<marc:subfield code="9">P</marc:subfield>
		</marc:datafield>
		<marc:datafield tag="852" ind1="0" ind2="1">
			<marc:subfield code="a">47BIBSYS_HIT</marc:subfield>
			<marc:subfield code="6">990701387704702210</marc:subfield>
			<marc:subfield code="9">P</marc:subfield>
		</marc:datafield>
		<marc:datafield tag="852" ind1="0" ind2="1">
			<marc:subfield code="a">47BIBSYS_UBTO</marc:subfield>
			<marc:subfield code="6">990701387704702205</marc:subfield>
			<marc:subfield code="9">P</marc:subfield>
		</marc:datafield>
		<marc:datafield tag="852" ind1="0" ind2="1">
			<marc:subfield code="a">47BIBSYS_UBIN</marc:subfield>
			<marc:subfield code="6">999919775278402211</marc:subfield>
			<marc:subfield code="9">P</marc:subfield>
		</marc:datafield>
		<marc:datafield tag="852" ind1="0" ind2="1">
			<marc:subfield code="a">47BIBSYS_NIH</marc:subfield>
			<marc:subfield code="6">990701387704702238</marc:subfield>
			<marc:subfield code="9">P</marc:subfield>
		</marc:datafield>
		<marc:datafield tag="852" ind1="0" ind2="1">
			<marc:subfield code="a">47BIBSYS_STORTING</marc:subfield>
			<marc:subfield code="6">990701387704702248</marc:subfield>
			<marc:subfield code="9">P</marc:subfield>
		</marc:datafield>
		<marc:datafield tag="852" ind1="0" ind2="1">
			<marc:subfield code="a">47BIBSYS_NB</marc:subfield>
			<marc:subfield code="6">990701387704702202</marc:subfield>
			<marc:subfield code="9">D</marc:subfield>
			<marc:subfield code="9">P</marc:subfield>
		</marc:datafield>
		<marc:datafield tag="852" ind1="0" ind2="1">
			<marc:subfield code="a">47BIBSYS_HIO</marc:subfield>
			<marc:subfield code="6">990701387704702218</marc:subfield>
			<marc:subfield code="9">P</marc:subfield>
		</marc:datafield>
		<marc:datafield tag="852" ind1="0" ind2="1">
			<marc:subfield code="a">47BIBSYS_NHHB</marc:subfield>
			<marc:subfield code="6">990701387704702216</marc:subfield>
			<marc:subfield code="9">P</marc:subfield>
		</marc:datafield>
	</marc:record>