
	<marc:record>
		<marc:leader>00903cam a2200277 c 4500</marc:leader>
		<marc:controlfield tag="001">990701425304702201</marc:controlfield>
		<marc:controlfield tag="005">20160622112313.0</marc:controlfield>
		<marc:controlfield tag="007">ta</marc:controlfield>
		<marc:controlfield tag="008">150702s2006    xx#|||||||||||000|f|swe|d</marc:controlfield>
		<marc:datafield tag="020" ind1=" " ind2=" ">
			<marc:subfield code="a">9789113017105</marc:subfield>
			<marc:subfield code="q">ib.</marc:subfield>
		</marc:datafield>
		<marc:datafield tag="035" ind1=" " ind2=" ">
			<marc:subfield code="a">07014253x-47bibsys_network</marc:subfield>
		</marc:datafield>
		<marc:datafield tag="035" ind1=" " ind2=" ">
			<marc:subfield code="a">(NO-TrBIB)07014253x</marc:subfield>
		</marc:datafield>
		<marc:datafield tag="040" ind1=" " ind2=" ">
			<marc:subfield code="a">NO-TrBIB</marc:subfield>
			<marc:subfield code="b">nob</marc:subfield>
			<marc:subfield code="e">katreg</marc:subfield>
		</marc:datafield>
		<marc:datafield tag="080" ind1=" " ind2=" ">
			<marc:subfield code="a">839.7</marc:subfield>
		</marc:datafield>
		<marc:datafield tag="082" ind1="7" ind2="4">
			<marc:subfield code="a">839.73</marc:subfield>
			<marc:subfield code="q">NO-OsNB</marc:subfield>
			<marc:subfield code="2">5/nor</marc:subfield>
		</marc:datafield>
		<marc:datafield tag="100" ind1="1" ind2=" ">
			<marc:subfield code="a">Larsson, Stieg</marc:subfield>
			<marc:subfield code="d">1954-2004</marc:subfield>
			<marc:subfield code="0">http://viaf.org/viaf/54441441</marc:subfield>
			<marc:subfield code="4">aut</marc:subfield>
		</marc:datafield>
		<marc:datafield tag="245" ind1="1" ind2="0">
			<marc:subfield code="a">Flickan som lekte med elden</marc:subfield>
			<marc:subfield code="c">Stieg Larsson</marc:subfield>
		</marc:datafield>
		<marc:datafield tag="260" ind1=" " ind2=" ">
			<marc:subfield code="a">Stockholm</marc:subfield>
			<marc:subfield code="b">Norstedt</marc:subfield>
			<marc:subfield code="c">2006</marc:subfield>
		</marc:datafield>
		<marc:datafield tag="300" ind1=" " ind2=" ">
			<marc:subfield code="a">631 s.</marc:subfield>
		</marc:datafield>
		<marc:datafield tag="653" ind1=" " ind2=" ">
			<marc:subfield code="a">roman</marc:subfield>
			<marc:subfield code="a">krim</marc:subfield>
			<marc:subfield code="a">kriminallitteratur</marc:subfield>
			<marc:subfield code="a">spenning</marc:subfield>
			<marc:subfield code="a">Sverige</marc:subfield>
		</marc:datafield>
		<marc:datafield tag="901" ind1=" " ind2=" ">
			<marc:subfield code="a">80</marc:subfield>
		</marc:datafield>
		<marc:datafield tag="852" ind1="0" ind2="1">
			<marc:subfield code="a">47BIBSYS_UBO</marc:subfield>
			<marc:subfield code="6">990701425304702204</marc:subfield>
			<marc:subfield code="9">P</marc:subfield>
		</marc:datafield>
		<marc:datafield tag="852" ind1="0" ind2="1">
			<marc:subfield code="a">47BIBSYS_UBTO</marc:subfield>
			<marc:subfield code="6">990701425304702205</marc:subfield>
			<marc:subfield code="9">P</marc:subfield>
		</marc:datafield>
		<marc:datafield tag="852" ind1="0" ind2="1">
			<marc:subfield code="a">47BIBSYS_NB</marc:subfield>
			<marc:subfield code="6">990701425304702202</marc:subfield>
			<marc:subfield code="9">P</marc:subfield>
		</marc:datafield>
		<marc:datafield tag="852" ind1="0" ind2="1">
			<marc:subfield code="a">47BIBSYS_HIO</marc:subfield>
			<marc:subfield code="6">990701425304702218</marc:subfield>
			<marc:subfield code="9">P</marc:subfield>
		</marc:datafield>
		<marc:datafield tag="852" ind1="0" ind2="1">
			<marc:subfield code="a">47BIBSYS_NTNU_UB</marc:subfield>
			<marc:subfield code="6">990701425304702203</marc:subfield>
			<marc:subfield code="9">P</marc:subfield>
		</marc:datafield>
	</marc:record>