
	<marc:record>
		<marc:leader>02074cgm a2200493 c 4500</marc:leader>
		<marc:controlfield tag="001">990936662094702201</marc:controlfield>
		<marc:controlfield tag="005">20171004205024.0</marc:controlfield>
		<marc:controlfield tag="007">vd |v||||</marc:controlfield>
		<marc:controlfield tag="008">150702s2009    xx#|||||||||||q###v|swe|d</marc:controlfield>
		<marc:datafield tag="035" ind1=" " ind2=" ">
			<marc:subfield code="a">(NO-TrBIB)093666209</marc:subfield>
		</marc:datafield>
		<marc:datafield tag="035" ind1=" " ind2=" ">
			<marc:subfield code="a">(NO-TrBIB)093666209</marc:subfield>
		</marc:datafield>
		<marc:datafield tag="040" ind1=" " ind2=" ">
			<marc:subfield code="a">NO-TrBIB</marc:subfield>
			<marc:subfield code="b">nob</marc:subfield>
			<marc:subfield code="e">katreg</marc:subfield>
		</marc:datafield>
		<marc:datafield tag="082" ind1="0" ind2="4">
			<marc:subfield code="a">839.7s</marc:subfield>
			<marc:subfield code="2">21</marc:subfield>
		</marc:datafield>
		<marc:datafield tag="083" ind1="0" ind2=" ">
			<marc:subfield code="a">791.43f</marc:subfield>
			<marc:subfield code="2">21</marc:subfield>
		</marc:datafield>
		<marc:datafield tag="130" ind1="0" ind2=" ">
			<marc:subfield code="a">Flickan som lekte med elden.</marc:subfield>
			<marc:subfield code="0"
				>https://www.imdb.com/title/tt1216487/?ref_=nm_flmg_act_28</marc:subfield>
		</marc:datafield>
		<marc:datafield tag="245" ind1="0" ind2="0">
			<marc:subfield code="a">Jenta som lekte med ilden</marc:subfield>
			<marc:subfield code="c">regi: Daniel Alfredson ; manus: Jonas Frykberg</marc:subfield>
			<marc:subfield code="h">[videoopptak]</marc:subfield>
		</marc:datafield>
		<marc:datafield tag="246" ind1="1" ind2=" ">
			<marc:subfield code="a">Flickan som lekte med elden</marc:subfield>
			<marc:subfield code="i">Originaltittel</marc:subfield>
		</marc:datafield>
		<marc:datafield tag="260" ind1=" " ind2=" ">
			<marc:subfield code="a">[Oslo]</marc:subfield>
			<marc:subfield code="b">Nordisk Film Distribusjon</marc:subfield>
			<marc:subfield code="c">c2009</marc:subfield>
		</marc:datafield>
		<marc:datafield tag="300" ind1=" " ind2=" ">
			<marc:subfield code="a">1 plate (DVD-video) (124 min.)</marc:subfield>
			<marc:subfield code="b">lyd, kol.</marc:subfield>
		</marc:datafield>
		<marc:datafield tag="500" ind1=" " ind2=" ">
			<marc:subfield code="a">Norske undertekster valgbare</marc:subfield>
		</marc:datafield>
		<marc:datafield tag="500" ind1=" " ind2=" ">
			<marc:subfield code="a"
				>Rolleliste: Michael Nyqvist, Lena Endre, Noomi Rapace</marc:subfield>
		</marc:datafield>
		<marc:datafield tag="500" ind1=" " ind2=" ">
			<marc:subfield code="a"
				>Bygger p�: Flickan som lekte med elden / Stieg Larsson</marc:subfield>
		</marc:datafield>
		<marc:datafield tag="500" ind1=" " ind2=" ">
			<marc:subfield code="a">Produksjons�r: 2009</marc:subfield>
		</marc:datafield>
		<marc:datafield tag="500" ind1=" " ind2=" ">
			<marc:subfield code="a">Aldersgrense: 15 �r</marc:subfield>
		</marc:datafield>
		<marc:datafield tag="500" ind1=" " ind2=" ">
			<marc:subfield code="a">Medietilsynet : 143368</marc:subfield>
		</marc:datafield>
		<marc:datafield tag="653" ind1=" " ind2=" ">
			<marc:subfield code="a">svenske</marc:subfield>
			<marc:subfield code="a">spillefilmer</marc:subfield>
			<marc:subfield code="a">action</marc:subfield>
			<marc:subfield code="a">thrillere</marc:subfield>
			<marc:subfield code="a">krim</marc:subfield>
			<marc:subfield code="a">crime</marc:subfield>
			<marc:subfield code="a">thrillersverige</marc:subfield>
			<marc:subfield code="a">sweden</marc:subfield>
			<marc:subfield code="a">danmark</marc:subfield>
			<marc:subfield code="a">denmark</marc:subfield>
			<marc:subfield code="a">tyskland</marc:subfield>
			<marc:subfield code="a">germany</marc:subfield>
			<marc:subfield code="a">spelefilmar</marc:subfield>
		</marc:datafield>
		<marc:datafield tag="655" ind1=" " ind2="7">
			<marc:subfield code="a">DVD</marc:subfield>
			<marc:subfield code="2">humord</marc:subfield>
			<marc:subfield code="0">(NO-TrBIB)HUME19448</marc:subfield>
		</marc:datafield>
		<marc:datafield tag="655" ind1=" " ind2="7">
			<marc:subfield code="a">Spillefilmer</marc:subfield>
			<marc:subfield code="2">khib</marc:subfield>
		</marc:datafield>
		<marc:datafield tag="700" ind1="1" ind2=" ">
			<marc:subfield code="a">Alfredson, Daniel,</marc:subfield>
			<marc:subfield code="d">1959-</marc:subfield>
			<marc:subfield code="4">drt</marc:subfield>
			<marc:subfield code="0">https://www.imdb.com/name/nm0019242</marc:subfield>
		</marc:datafield>
		<marc:datafield tag="700" ind1="1" ind2=" ">
			<marc:subfield code="a">Frykberg, Jonas.</marc:subfield>
			<marc:subfield code="4">aus</marc:subfield>
			<marc:subfield code="0">https://www.imdb.com/name/nm0296926</marc:subfield>
		</marc:datafield>
		<marc:datafield tag="700" ind1="1" ind2="2">
			<marc:subfield code="a">Larsson, Stieg</marc:subfield>
			<marc:subfield code="d">1954-2004</marc:subfield>
			<marc:subfield code="4">aut</marc:subfield>
			<marc:subfield code="0">http://viaf.org/viaf/54441441</marc:subfield>
		</marc:datafield>
		<marc:datafield tag="700" ind1="1" ind2=" ">
			<marc:subfield code="a">Nyqvist, Michael,</marc:subfield>
			<marc:subfield code="d">1960-2017</marc:subfield>
			<marc:subfield code="4">act</marc:subfield>
			<marc:subfield code="0">https://www.imdb.com/name/nm0638824</marc:subfield>
		</marc:datafield>
		<marc:datafield tag="700" ind1="1" ind2=" ">
			<marc:subfield code="a">Endre, Lena,</marc:subfield>
			<marc:subfield code="d">1955-</marc:subfield>
			<marc:subfield code="4">act</marc:subfield>
			<marc:subfield code="0">https://www.imdb.com/name/nm0256890</marc:subfield>
		</marc:datafield>
		<marc:datafield tag="700" ind1="1" ind2=" ">
			<marc:subfield code="a">Rapace, Noomi,</marc:subfield>
			<marc:subfield code="d">1979-</marc:subfield>
			<marc:subfield code="4">act</marc:subfield>
			<marc:subfield code="0">https://www.imdb.com/name/nm0636426</marc:subfield>
		</marc:datafield>
		<marc:datafield tag="856" ind1="4" ind2="2">
			<marc:subfield code="3">Sammendrag</marc:subfield>
			<marc:subfield code="u">http://www.imdb.com/title/tt1216487/</marc:subfield>
		</marc:datafield>
		<marc:datafield tag="901" ind1=" " ind2=" ">
			<marc:subfield code="a">80</marc:subfield>
		</marc:datafield>
		<marc:datafield tag="852" ind1="0" ind2="1">
			<marc:subfield code="a">47BIBSYS_UBA</marc:subfield>
			<marc:subfield code="6">990936662094702209</marc:subfield>
			<marc:subfield code="9">P</marc:subfield>
		</marc:datafield>
		<marc:datafield tag="852" ind1="0" ind2="1">
			<marc:subfield code="a">47BIBSYS_UBB</marc:subfield>
			<marc:subfield code="6">990936662094702207</marc:subfield>
			<marc:subfield code="9">P</marc:subfield>
		</marc:datafield>
		<marc:datafield tag="852" ind1="0" ind2="1">
			<marc:subfield code="a">47BIBSYS_HIT</marc:subfield>
			<marc:subfield code="6">990936662094702210</marc:subfield>
			<marc:subfield code="9">P</marc:subfield>
		</marc:datafield>
		<marc:datafield tag="852" ind1="0" ind2="1">
			<marc:subfield code="a">47BIBSYS_HIOA</marc:subfield>
			<marc:subfield code="6">990936662094702212</marc:subfield>
			<marc:subfield code="9">P</marc:subfield>
		</marc:datafield>
		<marc:datafield tag="852" ind1="0" ind2="1">
			<marc:subfield code="a">47BIBSYS_UBTO</marc:subfield>
			<marc:subfield code="6">990936662094702205</marc:subfield>
			<marc:subfield code="9">P</marc:subfield>
		</marc:datafield>
		<marc:datafield tag="852" ind1="0" ind2="1">
			<marc:subfield code="a">47BIBSYS_UBIN</marc:subfield>
			<marc:subfield code="6">999919775920202211</marc:subfield>
			<marc:subfield code="9">P</marc:subfield>
		</marc:datafield>
		<marc:datafield tag="852" ind1="0" ind2="1">
			<marc:subfield code="a">47BIBSYS_HH</marc:subfield>
			<marc:subfield code="6">990936662094702214</marc:subfield>
			<marc:subfield code="9">P</marc:subfield>
		</marc:datafield>
		<marc:datafield tag="852" ind1="0" ind2="1">
			<marc:subfield code="a">47BIBSYS_HVO</marc:subfield>
			<marc:subfield code="6">990936662094702220</marc:subfield>
			<marc:subfield code="9">P</marc:subfield>
		</marc:datafield>
		<marc:datafield tag="852" ind1="0" ind2="1">
			<marc:subfield code="a">47BIBSYS_NTNU_UB</marc:subfield>
			<marc:subfield code="6">999919905905702203</marc:subfield>
			<marc:subfield code="9">P</marc:subfield>
		</marc:datafield>
	</marc:record>