
	<marc:record>
		<marc:leader>02079cam a2200529 c 4500</marc:leader>
		<marc:controlfield tag="001">991236506744702201</marc:controlfield>
		<marc:controlfield tag="005">20170126161949.0</marc:controlfield>
		<marc:controlfield tag="007">ta</marc:controlfield>
		<marc:controlfield tag="008">131219s2012    no#|||||||||||000|0|nob| </marc:controlfield>
		<marc:datafield tag="020" ind1=" " ind2=" ">
			<marc:subfield code="a">9788251665513</marc:subfield>
			<marc:subfield code="q">h.</marc:subfield>
		</marc:datafield>
		<marc:datafield tag="020" ind1=" " ind2=" ">
			<marc:subfield code="a">9788251665520</marc:subfield>
			<marc:subfield code="q">ib.</marc:subfield>
			<marc:subfield code="c">Nkr 248.00</marc:subfield>
		</marc:datafield>
		<marc:datafield tag="020" ind1=" " ind2=" ">
			<marc:subfield code="q">ib.</marc:subfield>
		</marc:datafield>
		<marc:datafield tag="035" ind1=" " ind2=" ">
			<marc:subfield code="a">123650674-47bibsys_network</marc:subfield>
		</marc:datafield>
		<marc:datafield tag="035" ind1=" " ind2=" ">
			<marc:subfield code="a">(NO-TrBIB)123650674</marc:subfield>
		</marc:datafield>
		<marc:datafield tag="035" ind1=" " ind2=" ">
			<marc:subfield code="a">(NO-OsBA)0293005</marc:subfield>
		</marc:datafield>
		<marc:datafield tag="040" ind1=" " ind2=" ">
			<marc:subfield code="a">NO-OsNB</marc:subfield>
			<marc:subfield code="b">nob</marc:subfield>
			<marc:subfield code="e">katreg</marc:subfield>
		</marc:datafield>
		<marc:datafield tag="041" ind1="1" ind2=" ">
			<marc:subfield code="h">eng</marc:subfield>
		</marc:datafield>
		<marc:datafield tag="042" ind1=" " ind2=" ">
			<marc:subfield code="a">norbibl</marc:subfield>
		</marc:datafield>
		<marc:datafield tag="044" ind1=" " ind2=" ">
			<marc:subfield code="c">no</marc:subfield>
		</marc:datafield>
		<marc:datafield tag="082" ind1="0" ind2="4">
			<marc:subfield code="a">741.5</marc:subfield>
			<marc:subfield code="2">23</marc:subfield>
		</marc:datafield>
		<marc:datafield tag="082" ind1="7" ind2="4">
			<marc:subfield code="a">741.5945</marc:subfield>
			<marc:subfield code="q">NO-OsNB</marc:subfield>
			<marc:subfield code="2">5/nor</marc:subfield>
		</marc:datafield>
		<marc:datafield tag="083" ind1="7" ind2=" ">
			<marc:subfield code="a">741.5982</marc:subfield>
			<marc:subfield code="q">NO-OsNB</marc:subfield>
			<marc:subfield code="2">5/nor</marc:subfield>
		</marc:datafield>
		<marc:datafield tag="100" ind1="1" ind2=" ">
			<marc:subfield code="a">Mina, Denise</marc:subfield>
			<marc:subfield code="d">1966-</marc:subfield>
			<marc:subfield code="0"> http://viaf.org/viaf/59311376</marc:subfield>
			<marc:subfield code="4">aut</marc:subfield>
		</marc:datafield>
		<marc:datafield tag="245" ind1="1" ind2=" ">
			<marc:subfield code="a">Stieg Larssons Menn som hater kvinner</marc:subfield>
			<marc:subfield code="n">Bok 1</marc:subfield>
		</marc:datafield>
		<marc:datafield tag="260" ind1=" " ind2=" ">
			<marc:subfield code="a">Oslo</marc:subfield>
			<marc:subfield code="b">Schibsted</marc:subfield>
			<marc:subfield code="c">2012</marc:subfield>
		</marc:datafield>
		<marc:datafield tag="300" ind1=" " ind2=" ">
			<marc:subfield code="a">[142] s.</marc:subfield>
		</marc:datafield>
		<marc:datafield tag="653" ind1=" " ind2=" ">
			<marc:subfield code="a">tegneserier</marc:subfield>
		</marc:datafield>
		<marc:datafield tag="655" ind1=" " ind2="7">
			<marc:subfield code="a">Tegneserier</marc:subfield>
			<marc:subfield code="2">humord</marc:subfield>
		</marc:datafield>
		<marc:datafield tag="700" ind1="1" ind2="2">
			<marc:subfield code="a">Larsson, Stieg</marc:subfield>
			<marc:subfield code="d">1954-2004</marc:subfield>
			<marc:subfield code="0">http://viaf.org/viaf/54441441</marc:subfield>
		</marc:datafield>
		<marc:datafield tag="700" ind1="1" ind2=" ">
			<marc:subfield code="a">Manco, Leonardo,</marc:subfield>
			<marc:subfield code="d">1971-</marc:subfield>
			<marc:subfield code="4">ill</marc:subfield>
			<marc:subfield code="0">http://viaf.org/viaf/39686574</marc:subfield>
		</marc:datafield>
		<marc:datafield tag="700" ind1="1" ind2=" ">
			<marc:subfield code="a">Mutti, Andrea,</marc:subfield>
			<marc:subfield code="d">1973-</marc:subfield>
			<marc:subfield code="4">ill</marc:subfield>
			<marc:subfield code="0">http://viaf.org/viaf/245655</marc:subfield>
		</marc:datafield>
		<marc:datafield tag="700" ind1="1" ind2=" ">
			<marc:subfield code="a">Nordberg, Terje,</marc:subfield>
			<marc:subfield code="d">1949-</marc:subfield>
			<marc:subfield code="4">trl</marc:subfield>
			<marc:subfield code="0">http://viaf.org/viaf/18718799</marc:subfield>
		</marc:datafield>
		<marc:datafield tag="700" ind1="1" ind2=" ">
			<marc:subfield code="a">L�nsj�, Dag,</marc:subfield>
			<marc:subfield code="d">1954-</marc:subfield>
			<marc:subfield code="e">red.</marc:subfield>
			<marc:subfield code="0">http://viaf.org/viaf/278737841</marc:subfield>
		</marc:datafield>
		<marc:datafield tag="740" ind1="0" ind2=" ">
			<marc:subfield code="a">Menn som hater kvinner</marc:subfield>
		</marc:datafield>
		<marc:datafield tag="773" ind1="0" ind2="8">
			<marc:subfield code="i">Inkludert i</marc:subfield>
			<marc:subfield code="a">Mina, Denise</marc:subfield>
			<marc:subfield code="t">Stieg Larssons Menn som hater kvinner</marc:subfield>
			<marc:subfield code="d">Oslo : Schibsted, 2012-2013</marc:subfield>
			<marc:subfield code="g">Bok 1</marc:subfield>
			<marc:subfield code="w">991238925034702201</marc:subfield>
		</marc:datafield>
		<marc:datafield tag="856" ind1="4" ind2="2">
			<marc:subfield code="3">Beskrivelse fra Forlagssentralen</marc:subfield>
			<marc:subfield code="u"
				>http://content.bibsys.no/content/?type=descr_forlagssentr&amp;isbn=8251665515</marc:subfield>
		</marc:datafield>
		<marc:datafield tag="856" ind1="4" ind2="2">
			<marc:subfield code="3">Omslagsbilde</marc:subfield>
			<marc:subfield code="u"
				>http://innhold.bibsys.no/bilde/forside/?size=mini&amp;id=LITE_150146561.jpg</marc:subfield>
			<marc:subfield code="q">image/jpeg</marc:subfield>
		</marc:datafield>
		<marc:datafield tag="901" ind1=" " ind2=" ">
			<marc:subfield code="a">90</marc:subfield>
		</marc:datafield>
		<marc:datafield tag="913" ind1=" " ind2=" ">
			<marc:subfield code="a">Norbok</marc:subfield>
			<marc:subfield code="b">NB</marc:subfield>
		</marc:datafield>
		<marc:datafield tag="852" ind1="0" ind2="1">
			<marc:subfield code="a">47BIBSYS_UBTO</marc:subfield>
			<marc:subfield code="6">991236506744702205</marc:subfield>
			<marc:subfield code="9">P</marc:subfield>
		</marc:datafield>
		<marc:datafield tag="852" ind1="0" ind2="1">
			<marc:subfield code="a">47BIBSYS_NB</marc:subfield>
			<marc:subfield code="6">991236506744702202</marc:subfield>
			<marc:subfield code="9">P</marc:subfield>
		</marc:datafield>
		<marc:datafield tag="852" ind1="0" ind2="1">
			<marc:subfield code="a">47BIBSYS_HIO</marc:subfield>
			<marc:subfield code="6">991236506744702218</marc:subfield>
			<marc:subfield code="9">P</marc:subfield>
		</marc:datafield>
		<marc:datafield tag="852" ind1="0" ind2="1">
			<marc:subfield code="a">47BIBSYS_NTNU_UB</marc:subfield>
			<marc:subfield code="6">991236506744702203</marc:subfield>
			<marc:subfield code="9">P</marc:subfield>
		</marc:datafield>
	</marc:record>